3917 5950
265 631 378 681 nxxn.
392 628 526 683 rutenia
539 647 576 684 an
588 647 752 683 natatur.
777 632 905 681 LXXIII.
919 646 1036 681 nnnuru.
1045 600 1177 681 anicium.
1186 648 1228 680 nr.
1237 639 1447 683 pumannum.
1488 619 1559 691 163

263 822 393 879 unquam.
437 804 496 880 Ego
525 805 568 861 hie
594 805 655 862 rivo
682 812 783 879 praeter
810 812 926 879 propter
954 804 1044 859 vitam.
1089 803 1152 859 (lum
1181 805 1274 859 amicis
1296 805 1372 865 rivo,
1401 805 1467 862 nihil
1492 806 1558 863 mibi

265 905 354 963 neque
377 889 461 947 llusis
483 890 558 951 viro.
582 890 649 946 adeo
673 888 757 945 serriel
781 907 878 945 onmes
899 888 1040 944 uobiscum
1062 888 1194 961 (legentes
1218 890 1300 945 ccctis
1323 890 1421 945 studiis
1445 891 1558 947 interill-

263 991 340 1035 xere.
364 982 428 1049 post
450 975 574 1032 cineritia
597 975 666 1031 festa
688 975 875 1035 discessurum
898 974 1007 1029 iuterim
1030 972 1178 1029 literarium
1201 973 1396 1047 supellectilem
1420 984 1447 1030 et
1470 993 1557 1048 augeo

262 1068 289 1113 et
312 1076 398 1123 orno,
427 1060 536 1133 qnando
567 1067 684 1116 tractare
713 1076 768 1115 non
797 1057 860 1114 licut
890 1074 939 1114 nec
967 1067 1050 1114 vacat.
1096 1057 1146 1125 Qui
1176 1058 1222 1113 tibi
1247 1059 1294 1113 bas
1317 1058 1410 1114 literas
1433 1060 1557 1123 uendidit,

226 1156 240 1196 ε
262 1142 311 1197 tibi
333 1144 486 1218 doctisque·
501 1144 626 1218 piurimis
648 1151 744 1206 notus,
768 1151 796 1199 et
817 1160 921 1198 mecum
945 1143 1087 1198 amicitiam
1111 1142 1182 1204 iniit,
1207 1144 1279 1215 quod
1295 1143 1418 1216 cquitlem
1434 1144 1559 1217 benigni·

263 1228 326 1287 tati.
348 1228 472 1284 comitati
495 1236 523 1284 et
545 1228 662 1285 hominis
684 1228 859 1289 humanitati,
884 1245 938 1282 non
955 1227 1101 1283 rusticitati
1118 1245 1184 1282 niem
1198 1227 1333 1282 condono.
1367 1246 1428 1283 oum
1445 1229 1493 1283 tibi
1509 1230 1558 1284 mi·

261 1312 333 1367 nime
355 1313 529 1376 commendo.
549 1321 655 1387 -utpote
685 1312 734 1368 tibi
762 1312 1054 1368 conuuorulatissirnum
1084 1313 1135 1366 iani
1157 1312 1269 1385 prirlcm.
1315 1313 1340 1367 io
1363 1320 1453 1367 autem
1476 1331 1556 1387 quam

260 1396 374 1452 maxime
396 1396 491 1460 velim,
521 1396 595 1453 illius
623 1397 711 1471 gratia
733 1414 776 1452 mc.
799 1396 897 1451 habeas
920 1396 1146 1451 commendatum.
1191 1396 1263 1451 Vale.
1308 1396 1342 1451 llo
1366 1396 1556 1453 lievivisccnti·

257 1474 311 1537 hus
334 1482 389 1537 tuis
412 1480 493 1556 plura
514 1481 594 1544 alias.
617 1482 745 1557 quoniam
767 1498 839 1537 nuuc
861 1481 968 1554 poculis
991 1481 1109 1542 obmor,
1133 1497 1183 1536 noc
1205 1482 1316 1536 omnino
1339 1480 1496 1538 hesternum
1519 1483 1557 1537 vi·

226 1576 325 1621 tonum
348 1566 489 1623 edorrniri.
534 1567 634 1623 lterum
656 1565 714 1622 vale
737 1577 764 1622 ct
787 1567 852 1621 viro.
897 1565 1038 1639 llcrbipoli
1061 1565 1124 1619 Xlll.
1147 1565 1257 1621 lialeml.
1281 1565 1420 1620 Februarii
1444 1574 1520 1627 1518.

713 1843 1088 1860 ·—-——--

275 2154 444 2202 ultanus.
813 2134 995 2208 LXXIII.
1032 2143 1036 2149 ⁸
1330 2162 1554 2235 Q

491 2320 711 2402 [LIVRElt'Tle
732 2325 855 2381 BEHtltt
877 2325 1046 2381 Btttssatbt}
1067 2321 1323 2401 PIRCIIIIEIIIERO]

827 2427 985 2468 SALVTEM·

344 2544 471 2601 Latorem
493 2545 588 2602 harum
609 2547 748 2603 ‹lorniuum
771 2546 911 2603 doctorem
934 2545 1072 2601 mcclicinae
1094 2544 1205 2600 Fabium
1227 2545 1370 2603 Zonarium
1394 2556 1489 2621 utpote
1513 2551 1552 2605 iu-

224 2642 354 2685 ravenem
377 2630 514 2686 eruditum
536 2639 563 2687 et
585 2631 695 2688 doctum
719 2631 767 2686 tibi
791 2632 850 2686 eius
879 2640 976 2704 rogatu
1006 2631 1179 2686 commendo:
1209 2630 1393 2688 lleuchlinista
1416 2634 1487 2689 cuim
1510 2643 1552 2690 est

256 2722 285 2769 et
309 2712 357 2769 tibi
382 2722 458 2771 totus
480 2716 610 2775 devotus:
633 2717 744 2791 scripsit
767 2715 945 2772 onim'multa
968 2723 996 2771 et
1018 2716 1090 2770 varia
1114 2715 1266 2789 rhythmice
1288 2725 1384 2772 contra
1407 2717 1552 2775 Colonien-

256 2816 301 2855 ωε
323 2798 490 2861 (lrtwinum.
522 2800 696 2875 Thuugarum
718 2809 746 2856 ot
768 2800 960 2857 llochstratum
983 2818 1059 2856 moro
1082 2808 1110 2855 et
1132 2799 1196 2855 stilo
1220 2800 1398 2856 obscurorum
1421 2803 1549 2866 virorum,

257 2900 318 2955 quae
342 2883 389 2939 tihi
413 2884 491 2940 affert
513 2884 635 2959 legenda.
681 2886 781 2942 ridebis
804 2893 832 2941 ct
854 2885 971 2940 hominis
987 2884 1058 2940 sales
1074 2884 1211 2958 probabis.
1257 2885 1357 2952 Quodsi
1373 2886 1458 2941 [rator
1472 2905 1549 2944 mous

257 2965 303 3022 illa
332 2966 453 3042 legeret.
488 2971 743 3028 excommunicando
773 2970 882 3027 diabolo
911 2971 1013 3044 ipsum,
1049 2971 1101 3026 uisi
1130 2971 1290 3044 punitentia
1320 2970 1454 3044 condigna
1482 2974 1549 3028 satis

221 3051 375 3116 nolaoeret,
398 3054 484 3110 daret.
529 3055 597 3124 Quid
620 3056 720 3113 inulta?
743 3056 843 3129 (lignus
866 3063 909 3111 est
931 3063 1025 3111 nostra
1049 3056 1187 3111 socictate..

528 3237 630 3287 LXXII
673 3239 829 3287 Heumann.
849 3238 918 3301 (Iud.
930 3238 998 3287 bibl.
1012 3237 1049 3287 n⁰.
1060 3236 1114 3294 70.)
1132 3254 1158 3302 p.
1169 3236 1227 3290 261.
1239 3253 1278 3302 sq.

1341 3553 1361 3592 11.
1376 3559 1457 3594 mli.
1472 3555 1530 3596 1518.

321 3659 429 3710 Zobelii
448 3660 595 3726 epistolam
620 3661 655 3711 aul
673 3662 817 3712 Erasmum
841 3661 904 3712 virle
928 3662 1003 3711 infra
1021 3663 1140 3711 Huttcni
1163 3661 1323 3727 praefotioni
1343 3663 1371 3711 iu
1389 3664 1482 3713 'litum
1501 3665 1547 3713 Li·

257 3743 327 3793 vium
345 3745 515 3807 subiectam,
535 3745 573 3796 n⁰.
588 3745 643 3796 CX.
695 3787 698 3792 .

698 3864 1097 3879 *—

262 3961 454 3976 ῃ

318 4062 456 4132 ⁸Romul
480 4066 546 4132 Ipse
562 4065 628 4117 illus
651 4067 755 4134 dialogi
774 4068 913 4118 Lucianoi
936 4069 1082 4135 inscriptio
1106 4073 1150 4118 est
1167 4070 1308 4132 „Luciam
1330 4071 1471 4133 Piscator,
1496 4084 1546 4120 eeu

258 4146 491 4201 Rerivincentos”.
532 4150 576 4201 cf.
590 4168 616 4216 p.
632 4150 678 4201 151
692 4167 733 4216 sq.

320 4231 341 4266 ¹⁴
359 4231 504 4300 Zomrinn]
522 4236 575 4286 lte
592 4238 658 4286 idem
676 4234 788 4285 Giirtler
805 4236 1019 4301 Inpotetadieaete
1037 4244 1087 4298 ert,
1112 4241 1182 4287 catius
1199 4242 1329 4302 epistolam
1348 4241 1383 4287 art
1404 4240 1545 4289 Vadiaauaa

258 4315 315 4367 tt.
328 4315 401 4384 Sept.
416 4335 441 4368 a.
455 4318 520 4380 1515
538 4317 572 4383 (1)
589 4323 711 4384 scriptam
734 4337 816 4385 supra
839 4321 913 4384 (raum.
933 4321 1087 4386 XXVIIII.)
1110 4323 1265 4372 echt'buimuc
1289 4329 1314 4371 ct
1338 4325 1374 4372 aad
1396 4340 1466 4388 parem
1490 4327 1545 4388 epi-

256 4415 360 4463 orm
375 4406 482 4469 serpant
493 4404 635 4462 Huttenua,
661 4407 730 4470 quoti
742 4407 831 4469 priori
847 4407 960 4456 Neurtru'a
977 4411 1093 4470 exemplo
1112 4407 1223 4455 adduam
1241 4413 1291 4460 eet.
1311 4424 1392 4471 supra
1407 4409 1488 4471 11:27.
1503 4425 1544 4456 re·

257 4490 361 4546 petila.

758 4656 1064 4675 *0—
