<?xml version="1.0" encoding="UTF-8"?>
<!DOCTYPE html PUBLIC "-//W3C//DTD XHTML 1.0 Transitional//EN"
    "http://www.w3.org/TR/xhtml1/DTD/xhtml1-transitional.dtd">
<html xmlns="http://www.w3.org/1999/xhtml" xml:lang="en" lang="en">
 <head>
  <title>
</title>
<meta http-equiv="Content-Type" content="text/html;charset=utf-8" />
  <meta name='ocr-system' content='tesseract 3.04.00' />
  <meta name='ocr-capabilities' content='ocr_page ocr_carea ocr_par ocr_line ocrx_word'/>
</head>
<body>
  <div class='ocr_page' id='page_1' title='image "./ulrichihuttenie07huttgoog_0409.png"; bbox 0 0 3917 5950; ppageno 0'>
   <div class='ocr_carea' id='block_1_1' title="bbox 487 606 1633 686">
    <p class='ocr_par' dir='ltr' id='par_1_1' title="bbox 487 606 1633 686">
     <span class='ocr_line' id='line_1_1' title="bbox 487 606 1633 686; baseline -0.016 -2"><span class='ocrx_word' id='word_1_1' title='bbox 487 629 596 686; x_wconf 80' lang='lat' dir='ltr'>CXXX.</span> <span class='ocrx_word' id='word_1_2' title='bbox 615 633 719 684; x_wconf 67' lang='lat' dir='ltr'><em>:assiu</em></span> <span class='ocrx_word' id='word_1_3' title='bbox 733 644 795 683; x_wconf 74' lang='lat' dir='ltr'><em>sor.</em></span> <span class='ocrx_word' id='word_1_4' title='bbox 809 642 846 681; x_wconf 70' lang='lat' dir='ltr'><em>tv</em></span> <span class='ocrx_word' id='word_1_5' title='bbox 860 642 941 679; x_wconf 73' lang='lat' dir='ltr'><em>uvas.</em></span> <span class='ocrx_word' id='word_1_6' title='bbox 956 640 991 679; x_wconf 71' lang='lat' dir='ltr'><em>v:</em></span> <span class='ocrx_word' id='word_1_7' title='bbox 1005 639 1100 677; x_wconf 78' lang='lat' dir='ltr'><em>sisoius</em></span> <span class='ocrx_word' id='word_1_8' title='bbox 1113 638 1189 676; x_wconf 79' lang='lat' dir='ltr'><em>uaso</em></span> <span class='ocrx_word' id='word_1_9' title='bbox 1202 639 1244 675; x_wconf 72' lang='lat' dir='ltr'><em>ss.</em></span> <span class='ocrx_word' id='word_1_10' title='bbox 1264 638 1290 675; x_wconf 84' lang='lat' dir='ltr'><em>v.</em></span> <span class='ocrx_word' id='word_1_11' title='bbox 1303 630 1338 673; x_wconf 84' lang='lat' dir='ltr'><em>to.</em></span> <span class='ocrx_word' id='word_1_12' title='bbox 1352 637 1409 674; x_wconf 77' lang='lat' dir='ltr'><em>xva.</em></span> <span class='ocrx_word' id='word_1_13' title='bbox 1424 628 1483 671; x_wconf 77' lang='lat' dir='ltr'><em>isto.</em></span> <span class='ocrx_word' id='word_1_14' title='bbox 1559 606 1633 682; x_wconf 78' lang='grc'><em>283</em></span> 
     </span>
    </p>
   </div>
   <div class='ocr_carea' id='block_1_2' title="bbox 310 797 1717 4721">
    <p class='ocr_par' dir='ltr' id='par_1_2' title="bbox 310 797 1717 4721">
     <span class='ocr_line' id='line_1_2' title="bbox 338 797 1637 885; baseline -0.004 -21"><span class='ocrx_word' id='word_1_15' title='bbox 338 805 476 882; x_wconf 89' lang='lat' dir='ltr'><em>protinus</em></span> <span class='ocrx_word' id='word_1_16' title='bbox 496 810 550 864; x_wconf 91' lang='lat' dir='ltr'><em>aut</em></span> <span class='ocrx_word' id='word_1_17' title='bbox 569 803 703 863; x_wconf 87' lang='lat' dir='ltr'><em>medetur</em></span> <span class='ocrx_word' id='word_1_18' title='bbox 724 807 778 860; x_wconf 91' lang='lat' dir='ltr'><em>aut</em></span> <span class='ocrx_word' id='word_1_19' title='bbox 797 800 952 876; x_wconf 85' lang='lat' dir='ltr'><em>componit.</em></span> <span class='ocrx_word' id='word_1_20' title='bbox 996 815 1091 874; x_wconf 88' lang='lat' dir='ltr'><em>neque</em></span> <span class='ocrx_word' id='word_1_21' title='bbox 1115 813 1281 874; x_wconf 80' lang='lat' dir='ltr'><em>quenquam</em></span> <span class='ocrx_word' id='word_1_22' title='bbox 1308 811 1440 872; x_wconf 87' lang='lat' dir='ltr'><em>unquam</em></span> <span class='ocrx_word' id='word_1_23' title='bbox 1467 797 1579 885; x_wconf 87' lang='lat' dir='ltr'><em>dimisit</em></span> <span class='ocrx_word' id='word_1_24' title='bbox 1604 805 1637 860; x_wconf 92' lang='lat' dir='ltr'><em>ut</em></span> 
     </span>
     <span class='ocr_line' id='line_1_3' title="bbox 341 899 1636 983; baseline -0.004 -16"><span class='ocrx_word' id='word_1_25' title='bbox 341 908 492 966; x_wconf 87' lang='lat' dir='ltr'><em>inimicum</em></span> <span class='ocrx_word' id='word_1_26' title='bbox 514 911 568 964; x_wconf 91' lang='lat' dir='ltr'><em>aut</em></span> <span class='ocrx_word' id='word_1_27' title='bbox 587 912 621 962; x_wconf 90' lang='lat' dir='ltr'><em>ut</em></span> <span class='ocrx_word' id='word_1_28' title='bbox 645 905 790 978; x_wconf 77' lang='lat' dir='ltr'><em>inimicus.</em></span> <span class='ocrx_word' id='word_1_29' title='bbox 833 905 904 976; x_wconf 88' lang='lat' dir='ltr'><em>quin</em></span> <span class='ocrx_word' id='word_1_30' title='bbox 926 901 1015 983; x_wconf 75' lang='lat' dir='ltr'><em>lituus</em></span> <span class='ocrx_word' id='word_1_31' title='bbox 1037 903 1140 960; x_wconf 88' lang='lat' dir='ltr'><em>damus</em></span> <span class='ocrx_word' id='word_1_32' title='bbox 1161 899 1269 972; x_wconf 82' lang='lat' dir='ltr'><em>fatalis</em></span> <span class='ocrx_word' id='word_1_33' title='bbox 1289 901 1428 973; x_wconf 82' lang='lat' dir='ltr'><em>quadam</em></span> <span class='ocrx_word' id='word_1_34' title='bbox 1447 902 1563 961; x_wconf 89' lang='lat' dir='ltr'><em>uidetur</em></span> <span class='ocrx_word' id='word_1_35' title='bbox 1580 902 1636 975; x_wconf 84' lang='lat' dir='ltr'><em>se-</em></span> 
     </span>
     <span class='ocr_line' id='line_1_4' title="bbox 341 1002 1635 1082; baseline -0.005 -13"><span class='ocrx_word' id='word_1_36' title='bbox 341 1012 454 1080; x_wconf 88' lang='lat' dir='ltr'><em>licitas,</em></span> <span class='ocrx_word' id='word_1_37' title='bbox 484 1010 513 1066; x_wconf 90' lang='lat' dir='ltr'><em>in</em></span> <span class='ocrx_word' id='word_1_38' title='bbox 539 1022 599 1082; x_wconf 92' lang='lat' dir='ltr'><em>quo</em></span> <span class='ocrx_word' id='word_1_39' title='bbox 626 1021 710 1064; x_wconf 86' lang='lat' dir='ltr'><em>nemo</em></span> <span class='ocrx_word' id='word_1_40' title='bbox 736 1007 810 1064; x_wconf 80' lang='lat' dir='ltr'><em>uiuit</em></span> <span class='ocrx_word' id='word_1_41' title='bbox 836 1006 889 1080; x_wconf 91' lang='lat' dir='ltr'><em>qui</em></span> <span class='ocrx_word' id='word_1_42' title='bbox 911 1019 969 1061; x_wconf 88' lang='lat' dir='ltr'><em>nou</em></span> <span class='ocrx_word' id='word_1_43' title='bbox 992 1010 1152 1077; x_wconf 85' lang='lat' dir='ltr'><em>provectus</em></span> <span class='ocrx_word' id='word_1_44' title='bbox 1177 1004 1216 1060; x_wconf 88' lang='lat' dir='ltr'><em>sit</em></span> <span class='ocrx_word' id='word_1_45' title='bbox 1236 1002 1279 1059; x_wconf 88' lang='lat' dir='ltr'><em>ad</em></span> <span class='ocrx_word' id='word_1_46' title='bbox 1299 1002 1447 1060; x_wconf 90' lang='lat' dir='ltr'><em>meliorem</em></span> <span class='ocrx_word' id='word_1_47' title='bbox 1471 1002 1635 1076; x_wconf 75' lang='lat' dir='ltr'><em>fortunam,</em></span> 
     </span>
     <span class='ocr_line' id='line_1_5' title="bbox 342 1088 1661 1182; baseline -0.003 -12"><span class='ocrx_word' id='word_1_48' title='bbox 342 1113 442 1170; x_wconf 90' lang='lat' dir='ltr'><em>nultus</em></span> <span class='ocrx_word' id='word_1_49' title='bbox 472 1124 603 1182; x_wconf 90' lang='lat' dir='ltr'><em>unquam</em></span> <span class='ocrx_word' id='word_1_50' title='bbox 631 1109 724 1165; x_wconf 91' lang='lat' dir='ltr'><em>ullam</em></span> <span class='ocrx_word' id='word_1_51' title='bbox 747 1105 844 1178; x_wconf 77' lang='lat' dir='ltr'><em>samoe</em></span> <span class='ocrx_word' id='word_1_52' title='bbox 872 1104 967 1164; x_wconf 84' lang='lat' dir='ltr'><em>lavem</em></span> <span class='ocrx_word' id='word_1_53' title='bbox 993 1106 1153 1163; x_wconf 76' lang='lat' dir='ltr'><em>contraxit.</em></span> <span class='ocrx_word' id='word_1_54' title='bbox 1202 1105 1272 1176; x_wconf 89' lang='lat' dir='ltr'><em>quin</em></span> <span class='ocrx_word' id='word_1_55' title='bbox 1300 1105 1351 1162; x_wconf 71' lang='lat' dir='ltr'><em>siv</em></span> <span class='ocrx_word' id='word_1_56' title='bbox 1387 1106 1461 1162; x_wconf 89' lang='lat' dir='ltr'><em>ullos</em></span> <span class='ocrx_word' id='word_1_57' title='bbox 1490 1088 1661 1180; x_wconf 55' lang='lat' dir='ltr'><em>imerius·</em></span> 
     </span>
     <span class='ocr_line' id='line_1_6' title="bbox 323 1204 1636 1286; baseline -0.001 -15"><span class='ocrx_word' id='word_1_58' title='bbox 323 1211 447 1286; x_wconf 65' lang='lat' dir='ltr'><em>vqnilvus</em></span> <span class='ocrx_word' id='word_1_59' title='bbox 473 1213 517 1269; x_wconf 90' lang='lat' dir='ltr'><em>sic</em></span> <span class='ocrx_word' id='word_1_60' title='bbox 543 1210 712 1269; x_wconf 87' lang='lat' dir='ltr'><em>convenerit</em></span> <span class='ocrx_word' id='word_1_61' title='bbox 733 1222 800 1265; x_wconf 88' lang='lat' dir='ltr'><em>cum</em></span> <span class='ocrx_word' id='word_1_62' title='bbox 828 1212 938 1276; x_wconf 89' lang='lat' dir='ltr'><em>matre,</em></span> <span class='ocrx_word' id='word_1_63' title='bbox 967 1209 1000 1262; x_wconf 91' lang='lat' dir='ltr'><em>ut</em></span> <span class='ocrx_word' id='word_1_64' title='bbox 1022 1204 1092 1264; x_wconf 80' lang='lat' dir='ltr'><em>lsuic</em></span> <span class='ocrx_word' id='word_1_65' title='bbox 1112 1221 1179 1264; x_wconf 91' lang='lat' dir='ltr'><em>cum</em></span> <span class='ocrx_word' id='word_1_66' title='bbox 1203 1221 1343 1278; x_wconf 73' lang='lat' dir='ltr'><em>noverca,</em></span> <span class='ocrx_word' id='word_1_67' title='bbox 1368 1220 1439 1264; x_wconf 90' lang='lat' dir='ltr'><em>uam</em></span> <span class='ocrx_word' id='word_1_68' title='bbox 1462 1215 1553 1282; x_wconf 90' lang='lat' dir='ltr'><em>pater</em></span> <span class='ocrx_word' id='word_1_69' title='bbox 1576 1211 1636 1271; x_wconf 87' lang='lat' dir='ltr'><em>iata</em></span> 
     </span>
     <span class='ocr_line' id='line_1_7' title="bbox 343 1305 1712 1384; baseline -0.001 -14"><span class='ocrx_word' id='word_1_70' title='bbox 343 1315 470 1384; x_wconf 83' lang='lat' dir='ltr'><em>alteram</em></span> <span class='ocrx_word' id='word_1_71' title='bbox 489 1311 667 1380; x_wconf 71' lang='lat' dir='ltr'><strong><em>induxerat,</em></strong></span> <span class='ocrx_word' id='word_1_72' title='bbox 688 1315 843 1381; x_wconf 85' lang='lat' dir='ltr'><em>utramque</em></span> <span class='ocrx_word' id='word_1_73' title='bbox 863 1323 922 1365; x_wconf 91' lang='lat' dir='ltr'><em>non</em></span> <span class='ocrx_word' id='word_1_74' title='bbox 944 1309 1041 1366; x_wconf 88' lang='lat' dir='ltr'><em>minus</em></span> <span class='ocrx_word' id='word_1_75' title='bbox 1063 1308 1218 1367; x_wconf 84' lang='lat' dir='ltr'><em>adamavit</em></span> <span class='ocrx_word' id='word_1_76' title='bbox 1237 1323 1275 1365; x_wconf 88' lang='lat' dir='ltr'><em>oc</em></span> <span class='ocrx_word' id='word_1_77' title='bbox 1293 1313 1434 1374; x_wconf 76' lang='lat' dir='ltr'><em>matrem:</em></span> <span class='ocrx_word' id='word_1_78' title='bbox 1467 1325 1563 1382; x_wconf 80' lang='lat' dir='ltr'><strong><em>nuper</em></strong></span> <span class='ocrx_word' id='word_1_79' title='bbox 1585 1305 1637 1369; x_wconf 64' lang='lat' dir='ltr'><em>inss</em></span> <span class='ocrx_word' id='word_1_80' title='bbox 1709 1321 1712 1325; x_wconf 82' lang='grc'><em>·</em></span> 
     </span>
     <span class='ocr_line' id='line_1_8' title="bbox 344 1393 1635 1482; baseline -0.002 -11"><span class='ocrx_word' id='word_1_81' title='bbox 344 1414 433 1473; x_wconf 79' lang='lat' dir='ltr'><em>ducit</em></span> <span class='ocrx_word' id='word_1_82' title='bbox 452 1416 583 1481; x_wconf 89' lang='lat' dir='ltr'><em>tertiam,</em></span> <span class='ocrx_word' id='word_1_83' title='bbox 607 1408 790 1468; x_wconf 74' lang='lat' dir='ltr'><em>occultamus</em></span> <span class='ocrx_word' id='word_1_84' title='bbox 811 1417 913 1466; x_wconf 87' lang='lat' dir='ltr'><em>sancte</em></span> <span class='ocrx_word' id='word_1_85' title='bbox 935 1408 1051 1468; x_wconf 86' lang='lat' dir='ltr'><em>deierat</em></span> <span class='ocrx_word' id='word_1_86' title='bbox 1075 1426 1106 1469; x_wconf 89' lang='lat' dir='ltr'><em>se</em></span> <span class='ocrx_word' id='word_1_87' title='bbox 1134 1393 1210 1468; x_wconf 77' lang='lat' dir='ltr'><em>nihil</em></span> <span class='ocrx_word' id='word_1_88' title='bbox 1232 1424 1362 1482; x_wconf 91' lang='lat' dir='ltr'><em>unquam</em></span> <span class='ocrx_word' id='word_1_89' title='bbox 1390 1410 1497 1470; x_wconf 87' lang='lat' dir='ltr'><em>vidisse</em></span> <span class='ocrx_word' id='word_1_90' title='bbox 1523 1413 1635 1471; x_wconf 87' lang='lat' dir='ltr'><em>melius.</em></span> 
     </span>
     <span class='ocr_line' id='line_1_9' title="bbox 344 1509 1705 1588; baseline 0.001 -15"><span class='ocrx_word' id='word_1_91' title='bbox 344 1514 439 1573; x_wconf 87' lang='lat' dir='ltr'><em>Porro</em></span> <span class='ocrx_word' id='word_1_92' title='bbox 464 1529 539 1586; x_wconf 84' lang='lat' dir='ltr'><em>erqo</em></span> <span class='ocrx_word' id='word_1_93' title='bbox 561 1520 704 1588; x_wconf 89' lang='lat' dir='ltr'><em>parentes</em></span> <span class='ocrx_word' id='word_1_94' title='bbox 731 1527 769 1568; x_wconf 89' lang='lat' dir='ltr'><em>uc</em></span> <span class='ocrx_word' id='word_1_95' title='bbox 794 1509 900 1569; x_wconf 76' lang='lat' dir='ltr'><em>litteras</em></span> <span class='ocrx_word' id='word_1_96' title='bbox 927 1524 1101 1584; x_wconf 87' lang='lat' dir='ltr'><em>sororesque</em></span> <span class='ocrx_word' id='word_1_97' title='bbox 1128 1513 1171 1570; x_wconf 88' lang='lat' dir='ltr'><em>sic</em></span> <span class='ocrx_word' id='word_1_98' title='bbox 1194 1509 1321 1582; x_wconf 78' lang='lat' dir='ltr'><em>affectus</em></span> <span class='ocrx_word' id='word_1_99' title='bbox 1347 1517 1403 1581; x_wconf 89' lang='lat' dir='ltr'><em>est,</em></span> <span class='ocrx_word' id='word_1_100' title='bbox 1431 1517 1464 1570; x_wconf 90' lang='lat' dir='ltr'><em>ut</em></span> <span class='ocrx_word' id='word_1_101' title='bbox 1483 1529 1537 1572; x_wconf 91' lang='lat' dir='ltr'><em>nec</em></span> <span class='ocrx_word' id='word_1_102' title='bbox 1559 1520 1705 1580; x_wconf 63' lang='lat' dir='ltr'><em>amotum.</em></span> 
     </span>
     <span class='ocr_line' id='line_1_10' title="bbox 344 1608 1637 1689; baseline 0 -15"><span class='ocrx_word' id='word_1_103' title='bbox 344 1618 461 1675; x_wconf 83' lang='lat' dir='ltr'><em>moleste</em></span> <span class='ocrx_word' id='word_1_104' title='bbox 472 1608 537 1674; x_wconf 81' lang='lat' dir='ltr'><em>&#39;nee</em></span> <span class='ocrx_word' id='word_1_105' title='bbox 555 1630 680 1689; x_wconf 81' lang='lat' dir='ltr'><strong><em>usquam</em></strong></span> <span class='ocrx_word' id='word_1_106' title='bbox 709 1612 785 1670; x_wconf 88' lang='lat' dir='ltr'><em>desit</em></span> <span class='ocrx_word' id='word_1_107' title='bbox 805 1610 907 1684; x_wconf 74' lang='lat' dir='ltr'><em>officio</em></span> <span class='ocrx_word' id='word_1_108' title='bbox 926 1612 1054 1684; x_wconf 87' lang='lat' dir='ltr'><em>pietatis.</em></span> <span class='ocrx_word' id='word_1_109' title='bbox 1085 1612 1207 1670; x_wconf 79' lang='lat' dir='ltr'><em>Animus</em></span> <span class='ocrx_word' id='word_1_110' title='bbox 1228 1622 1271 1669; x_wconf 88' lang='lat' dir='ltr'><em>est</em></span> <span class='ocrx_word' id='word_1_111' title='bbox 1288 1628 1308 1668; x_wconf 93' lang='lat' dir='ltr'><em>a</em></span> <span class='ocrx_word' id='word_1_112' title='bbox 1326 1613 1446 1670; x_wconf 86' lang='lat' dir='ltr'><em>sordido</em></span> <span class='ocrx_word' id='word_1_113' title='bbox 1460 1615 1545 1672; x_wconf 90' lang='lat' dir='ltr'><em>lucro</em></span> <span class='ocrx_word' id='word_1_114' title='bbox 1558 1618 1637 1674; x_wconf 90' lang='lat' dir='ltr'><em>alie-</em></span> 
     </span>
     <span class='ocr_line' id='line_1_11' title="bbox 313 1711 1708 1802; baseline 0.001 -26"><span class='ocrx_word' id='word_1_115' title='bbox 313 1723 338 1764; x_wconf 82' lang='lat'><em>¹⁰</em></span> <span class='ocrx_word' id='word_1_116' title='bbox 348 1719 493 1776; x_wconf 86' lang='lat' dir='ltr'><em>missimus.</em></span> <span class='ocrx_word' id='word_1_117' title='bbox 535 1715 651 1802; x_wconf 75' lang='lat' dir='ltr'><em>liberis</em></span> <span class='ocrx_word' id='word_1_118' title='bbox 672 1716 733 1773; x_wconf 91' lang='lat' dir='ltr'><em>suis</em></span> <span class='ocrx_word' id='word_1_119' title='bbox 758 1715 877 1771; x_wconf 80' lang='lat' dir='ltr'><em>semovit</em></span> <span class='ocrx_word' id='word_1_120' title='bbox 903 1729 920 1769; x_wconf 87' lang='lat' dir='ltr'><em>e</em></span> <span class='ocrx_word' id='word_1_121' title='bbox 943 1711 1140 1783; x_wconf 79' lang='lat' dir='ltr'><em>facultatibus</em></span> <span class='ocrx_word' id='word_1_122' title='bbox 1168 1714 1258 1787; x_wconf 51' lang='lat' dir='ltr'><em>quod¹</em></span> <span class='ocrx_word' id='word_1_123' title='bbox 1272 1715 1333 1772; x_wconf 86' lang='lat' dir='ltr'><em>iilis</em></span> <span class='ocrx_word' id='word_1_124' title='bbox 1357 1716 1428 1772; x_wconf 89' lang='lat' dir='ltr'><em>satis</em></span> <span class='ocrx_word' id='word_1_125' title='bbox 1453 1731 1516 1773; x_wconf 87' lang='lat' dir='ltr'><em>esse</em></span> <span class='ocrx_word' id='word_1_126' title='bbox 1534 1722 1708 1789; x_wconf 64' lang='lat' dir='ltr'><em>putat-uu.</em></span> 
     </span>
     <span class='ocr_line' id='line_1_12' title="bbox 347 1813 1643 1893; baseline 0.001 -17"><span class='ocrx_word' id='word_1_127' title='bbox 347 1818 427 1893; x_wconf 89' lang='lat' dir='ltr'><em>quod</em></span> <span class='ocrx_word' id='word_1_128' title='bbox 446 1824 593 1892; x_wconf 80' lang='lat' dir='ltr'><em>superest,</em></span> <span class='ocrx_word' id='word_1_129' title='bbox 613 1818 740 1889; x_wconf 82' lang='lat' dir='ltr'><em>lorqiter</em></span> <span class='ocrx_word' id='word_1_130' title='bbox 761 1813 898 1887; x_wconf 80' lang='lat' dir='ltr'><em>effundit.</em></span> <span class='ocrx_word' id='word_1_131' title='bbox 934 1813 1006 1872; x_wconf 85' lang='lat' dir='ltr'><em>Cum</em></span> <span class='ocrx_word' id='word_1_132' title='bbox 1026 1814 1266 1874; x_wconf 77' lang='lat' dir='ltr'><em>advocationibus</em></span> <span class='ocrx_word' id='word_1_133' title='bbox 1287 1814 1388 1873; x_wconf 82' lang='lat' dir='ltr'><em>adduc</em></span> <span class='ocrx_word' id='word_1_134' title='bbox 1408 1819 1546 1888; x_wconf 88' lang='lat' dir='ltr'><em>aleretur,</em></span> <span class='ocrx_word' id='word_1_135' title='bbox 1565 1820 1643 1877; x_wconf 88' lang='lat' dir='ltr'><em>nulli</em></span> 
     </span>
     <span class='ocr_line' id='line_1_13' title="bbox 347 1908 1641 1993; baseline 0.001 -16"><span class='ocrx_word' id='word_1_136' title='bbox 347 1934 405 1977; x_wconf 90' lang='lat' dir='ltr'><em>non</em></span> <span class='ocrx_word' id='word_1_137' title='bbox 427 1917 509 1976; x_wconf 88' lang='lat' dir='ltr'><em>dedit</em></span> <span class='ocrx_word' id='word_1_138' title='bbox 529 1919 656 1977; x_wconf 88' lang='lat' dir='ltr'><em>amicum</em></span> <span class='ocrx_word' id='word_1_139' title='bbox 675 1933 833 1990; x_wconf 87' lang='lat' dir='ltr'><em>uerumque</em></span> <span class='ocrx_word' id='word_1_140' title='bbox 848 1915 1018 1986; x_wconf 82' lang='lat' dir='ltr'><em>consilium,</em></span> <span class='ocrx_word' id='word_1_141' title='bbox 1041 1908 1269 1989; x_wconf 74' lang='lat' dir='ltr'><em>maqis&#39;iltorum</em></span> <span class='ocrx_word' id='word_1_142' title='bbox 1284 1917 1442 1983; x_wconf 77' lang='lat' dir='ltr'><em>commodis</em></span> <span class='ocrx_word' id='word_1_143' title='bbox 1455 1921 1641 1993; x_wconf 78' lang='lat' dir='ltr'><em>prospiciens</em></span> 
     </span>
     <span class='ocr_line' id='line_1_14' title="bbox 347 2017 1640 2094; baseline 0.002 -17"><span class='ocrx_word' id='word_1_144' title='bbox 347 2035 437 2094; x_wconf 93' lang='lat' dir='ltr'><em>quam</em></span> <span class='ocrx_word' id='word_1_145' title='bbox 450 2021 525 2088; x_wconf 86' lang='lat' dir='ltr'><em>suis,</em></span> <span class='ocrx_word' id='word_1_146' title='bbox 541 2022 696 2094; x_wconf 90' lang='lat' dir='ltr'><em>plerisque</em></span> <span class='ocrx_word' id='word_1_147' title='bbox 718 2021 819 2078; x_wconf 85' lang='lat' dir='ltr'><em>solitus</em></span> <span class='ocrx_word' id='word_1_148' title='bbox 837 2017 1039 2091; x_wconf 88' lang='lat' dir='ltr'><em>persuadere,</em></span> <span class='ocrx_word' id='word_1_149' title='bbox 1062 2020 1106 2076; x_wconf 89' lang='lat' dir='ltr'><em>uti</em></span> <span class='ocrx_word' id='word_1_150' title='bbox 1117 2020 1196 2076; x_wconf 87' lang='lat' dir='ltr'><em>litem</em></span> <span class='ocrx_word' id='word_1_151' title='bbox 1212 2024 1431 2091; x_wconf 88' lang='lat' dir='ltr'><em>componerent,</em></span> <span class='ocrx_word' id='word_1_152' title='bbox 1452 2020 1549 2078; x_wconf 90' lang='lat' dir='ltr'><em>minvs</em></span> <span class='ocrx_word' id='word_1_153' title='bbox 1562 2023 1640 2079; x_wconf 88' lang='lat' dir='ltr'><em>enim</em></span> 
     </span>
     <span class='ocr_line' id='line_1_15' title="bbox 348 2106 1640 2195; baseline 0.001 -16"><span class='ocrx_word' id='word_1_154' title='bbox 348 2122 396 2180; x_wconf 80' lang='lat' dir='ltr'><em>liic</em></span> <span class='ocrx_word' id='word_1_155' title='bbox 418 2106 491 2191; x_wconf 79' lang='lat' dir='ltr'><em>sore</em></span> <span class='ocrx_word' id='word_1_156' title='bbox 510 2121 677 2195; x_wconf 87' lang='lat' dir='ltr'><em>dispendii;</em></span> <span class='ocrx_word' id='word_1_157' title='bbox 710 2121 743 2178; x_wconf 91' lang='lat' dir='ltr'><em>id</em></span> <span class='ocrx_word' id='word_1_158' title='bbox 762 2119 905 2178; x_wconf 85' lang='lat' dir='ltr'><em>siminus</em></span> <span class='ocrx_word' id='word_1_159' title='bbox 929 2118 1120 2193; x_wconf 78' lang='lat' dir='ltr'><em>impetrabat,</em></span> <span class='ocrx_word' id='word_1_160' title='bbox 1149 2126 1209 2177; x_wconf 91' lang='lat' dir='ltr'><em>tum</em></span> <span class='ocrx_word' id='word_1_161' title='bbox 1237 2121 1381 2178; x_wconf 85' lang='lat' dir='ltr'><em>rationem</em></span> <span class='ocrx_word' id='word_1_162' title='bbox 1407 2119 1559 2179; x_wconf 82' lang='lat' dir='ltr'><em>indicabat</em></span> <span class='ocrx_word' id='word_1_163' title='bbox 1581 2107 1640 2194; x_wconf 84' lang='lat' dir='ltr'><em>qua</em></span> 
     </span>
     <span class='ocr_line' id='line_1_16' title="bbox 315 2220 1641 2298; baseline 0.002 -18"><span class='ocrx_word' id='word_1_164' title='bbox 315 2232 339 2273; x_wconf 80' lang='lat'><em>¹⁵</em></span> <span class='ocrx_word' id='word_1_165' title='bbox 346 2232 466 2298; x_wconf 85' lang='lat' dir='ltr'><em>possent</em></span> <span class='ocrx_word' id='word_1_166' title='bbox 492 2238 581 2296; x_wconf 93' lang='lat' dir='ltr'><em>quam</em></span> <span class='ocrx_word' id='word_1_167' title='bbox 608 2224 726 2280; x_wconf 86' lang='lat' dir='ltr'><em>minima</em></span> <span class='ocrx_word' id='word_1_168' title='bbox 753 2220 911 2293; x_wconf 87' lang='lat' dir='ltr'><em>dispendio</em></span> <span class='ocrx_word' id='word_1_169' title='bbox 933 2221 1068 2292; x_wconf 85' lang='lat' dir='ltr'><em>litiqare,</em></span> <span class='ocrx_word' id='word_1_170' title='bbox 1098 2221 1219 2293; x_wconf 87' lang='lat' dir='ltr'><em>quando</em></span> <span class='ocrx_word' id='word_1_171' title='bbox 1244 2221 1419 2294; x_wconf 83' lang='lat' dir='ltr'><em>quibusdam</em></span> <span class='ocrx_word' id='word_1_172' title='bbox 1446 2221 1497 2278; x_wconf 79' lang='lat' dir='ltr'><em>nic</em></span> <span class='ocrx_word' id='word_1_173' title='bbox 1523 2224 1641 2282; x_wconf 89' lang='lat' dir='ltr'><em>animus</em></span> 
     </span>
     <span class='ocr_line' id='line_1_17' title="bbox 348 2321 1709 2395; baseline 0.002 -12"><span class='ocrx_word' id='word_1_174' title='bbox 348 2331 404 2395; x_wconf 89' lang='lat' dir='ltr'><em>est,</em></span> <span class='ocrx_word' id='word_1_175' title='bbox 431 2330 464 2382; x_wconf 87' lang='lat' dir='ltr'><em>ul</em></span> <span class='ocrx_word' id='word_1_176' title='bbox 489 2322 587 2382; x_wconf 79' lang='lat' dir='ltr'><em>litibus</em></span> <span class='ocrx_word' id='word_1_177' title='bbox 611 2325 699 2382; x_wconf 86' lang='lat' dir='ltr'><em>etiam</em></span> <span class='ocrx_word' id='word_1_178' title='bbox 721 2322 911 2381; x_wconf 87' lang='lat' dir='ltr'><em>delectentur.</em></span> <span class='ocrx_word' id='word_1_179' title='bbox 954 2321 993 2378; x_wconf 90' lang='lat' dir='ltr'><em>In</em></span> <span class='ocrx_word' id='word_1_180' title='bbox 1014 2321 1087 2379; x_wconf 80' lang='lat' dir='ltr'><em>urle</em></span> <span class='ocrx_word' id='word_1_181' title='bbox 1106 2321 1318 2394; x_wconf 79' lang='lat' dir='ltr'><em>londoniensi,</em></span> <span class='ocrx_word' id='word_1_182' title='bbox 1347 2324 1378 2379; x_wconf 89' lang='lat' dir='ltr'><em>im</em></span> <span class='ocrx_word' id='word_1_183' title='bbox 1399 2338 1459 2395; x_wconf 90' lang='lat' dir='ltr'><em>qua</em></span> <span class='ocrx_word' id='word_1_184' title='bbox 1481 2329 1569 2382; x_wconf 88' lang='lat' dir='ltr'><em>natus</em></span> <span class='ocrx_word' id='word_1_185' title='bbox 1588 2330 1638 2395; x_wconf 89' lang='lat' dir='ltr'><em>est,</em></span> <span class='ocrx_word' id='word_1_186' title='bbox 1649 2344 1668 2395; x_wconf 79' lang='lat' dir='ltr'><em>i.</em></span> <span class='ocrx_word' id='word_1_187' title='bbox 1676 2345 1709 2392; x_wconf 80' lang='lat' dir='ltr'><em>ss.</em></span> 
     </span>
     <span class='ocr_line' id='line_1_18' title="bbox 310 2422 1643 2499; baseline 0 -15"><span class='ocrx_word' id='word_1_188' title='bbox 310 2463 313 2469; x_wconf 87' lang='lat'>-</span> <span class='ocrx_word' id='word_1_189' title='bbox 349 2441 444 2484; x_wconf 88' lang='lat' dir='ltr'><em>annos</em></span> <span class='ocrx_word' id='word_1_190' title='bbox 460 2427 572 2499; x_wconf 86' lang='lat' dir='ltr'><em>aliquot</em></span> <span class='ocrx_word' id='word_1_191' title='bbox 593 2425 719 2483; x_wconf 80' lang='lat' dir='ltr'><em>iitdicem</em></span> <span class='ocrx_word' id='word_1_192' title='bbox 737 2425 798 2497; x_wconf 80' lang='lat' dir='ltr'><em>eqit</em></span> <span class='ocrx_word' id='word_1_193' title='bbox 818 2424 849 2481; x_wconf 90' lang='lat' dir='ltr'><em>in</em></span> <span class='ocrx_word' id='word_1_194' title='bbox 870 2425 969 2482; x_wconf 88' lang='lat' dir='ltr'><em>causis</em></span> <span class='ocrx_word' id='word_1_195' title='bbox 988 2422 1138 2490; x_wconf 63' lang='lat' dir='ltr'><em>civilibus·</em></span> <span class='ocrx_word' id='word_1_196' title='bbox 1163 2423 1197 2481; x_wconf 88' lang='lat' dir='ltr'><em>id</em></span> <span class='ocrx_word' id='word_1_197' title='bbox 1210 2439 1317 2482; x_wconf 79' lang='lat' dir='ltr'><em>munius</em></span> <span class='ocrx_word' id='word_1_198' title='bbox 1335 2426 1368 2481; x_wconf 79' lang='lat' dir='ltr'><em>itt</em></span> <span class='ocrx_word' id='word_1_199' title='bbox 1387 2425 1537 2482; x_wconf 87' lang='lat' dir='ltr'><em>minimum</em></span> <span class='ocrx_word' id='word_1_200' title='bbox 1555 2425 1643 2484; x_wconf 79' lang='lat' dir='ltr'><em>labet</em></span> 
     </span>
     <span class='ocr_line' id='line_1_19' title="bbox 349 2503 1642 2605; baseline -0.001 -20"><span class='ocrx_word' id='word_1_201' title='bbox 349 2529 461 2598; x_wconf 85' lang='lat' dir='ltr'><em>oneris,</em></span> <span class='ocrx_word' id='word_1_202' title='bbox 484 2521 568 2605; x_wconf 86' lang='lat' dir='ltr'><em>(nam</em></span> <span class='ocrx_word' id='word_1_203' title='bbox 589 2541 648 2584; x_wconf 89' lang='lat' dir='ltr'><em>non</em></span> <span class='ocrx_word' id='word_1_204' title='bbox 670 2525 788 2583; x_wconf 88' lang='lat' dir='ltr'><em>sedetur</em></span> <span class='ocrx_word' id='word_1_205' title='bbox 811 2526 870 2582; x_wconf 84' lang='lat' dir='ltr'><em>uisi</em></span> <span class='ocrx_word' id='word_1_206' title='bbox 890 2503 941 2583; x_wconf 78' lang='lat' dir='ltr'><em>die</em></span> <span class='ocrx_word' id='word_1_207' title='bbox 960 2524 1039 2582; x_wconf 87' lang='lat' dir='ltr'><em>Iovis</em></span> <span class='ocrx_word' id='word_1_208' title='bbox 1060 2541 1152 2597; x_wconf 90' lang='lat' dir='ltr'><em>usque</em></span> <span class='ocrx_word' id='word_1_209' title='bbox 1171 2525 1214 2582; x_wconf 89' lang='lat' dir='ltr'><em>ad</em></span> <span class='ocrx_word' id='word_1_210' title='bbox 1231 2518 1410 2604; x_wconf 88' lang='lat' dir='ltr'><em>prandium)</em></span> <span class='ocrx_word' id='word_1_211' title='bbox 1437 2527 1479 2583; x_wconf 92' lang='lat' dir='ltr'><em>ita</em></span> <span class='ocrx_word' id='word_1_212' title='bbox 1505 2528 1642 2600; x_wconf 88' lang='lat' dir='ltr'><em>cumpri-</em></span> 
     </span>
     <span class='ocr_line' id='line_1_20' title="bbox 350 2625 1642 2700; baseline 0.001 -16"><span class='ocrx_word' id='word_1_213' title='bbox 350 2630 405 2685; x_wconf 83' lang='lat' dir='ltr'><em>mis</em></span> <span class='ocrx_word' id='word_1_214' title='bbox 425 2627 618 2698; x_wconf 71' lang='lat' dir='ltr'><em>nonomficum</em></span> <span class='ocrx_word' id='word_1_215' title='bbox 639 2625 773 2684; x_wconf 78' lang='lat' dir='ltr'><em>liabetur.</em></span> <span class='ocrx_word' id='word_1_216' title='bbox 812 2640 895 2683; x_wconf 89' lang='lat' dir='ltr'><em>nemo</em></span> <span class='ocrx_word' id='word_1_217' title='bbox 914 2628 1019 2700; x_wconf 89' lang='lat' dir='ltr'><em>plures</em></span> <span class='ocrx_word' id='word_1_218' title='bbox 1040 2642 1149 2685; x_wconf 90' lang='lat' dir='ltr'><em>causas</em></span> <span class='ocrx_word' id='word_1_219' title='bbox 1171 2627 1306 2698; x_wconf 81' lang='lat' dir='ltr'><em>absolvit,</em></span> <span class='ocrx_word' id='word_1_220' title='bbox 1328 2642 1412 2685; x_wconf 90' lang='lat' dir='ltr'><em>nemo</em></span> <span class='ocrx_word' id='word_1_221' title='bbox 1432 2643 1464 2685; x_wconf 91' lang='lat' dir='ltr'><em>se</em></span> <span class='ocrx_word' id='word_1_222' title='bbox 1482 2631 1574 2700; x_wconf 80' lang='lat' dir='ltr'><em>qessit</em></span> <span class='ocrx_word' id='word_1_223' title='bbox 1591 2630 1642 2686; x_wconf 88' lang='lat' dir='ltr'><em>iu-</em></span> 
     </span>
     <span class='ocr_line' id='line_1_21' title="bbox 317 2715 1643 2802; baseline 0.004 -21"><span class='ocrx_word' id='word_1_224' title='bbox 317 2715 478 2801; x_wconf 65' lang='lat' dir='ltr'><em>anteatinus,</em></span> <span class='ocrx_word' id='word_1_225' title='bbox 500 2731 624 2787; x_wconf 89' lang='lat' dir='ltr'><em>remissa</em></span> <span class='ocrx_word' id='word_1_226' title='bbox 642 2729 794 2801; x_wconf 87' lang='lat' dir='ltr'><em>plerisque</em></span> <span class='ocrx_word' id='word_1_227' title='bbox 811 2729 942 2800; x_wconf 90' lang='lat' dir='ltr'><em>pecunia</em></span> <span class='ocrx_word' id='word_1_228' title='bbox 963 2742 1053 2800; x_wconf 89' lang='lat' dir='ltr'><em>quam</em></span> <span class='ocrx_word' id='word_1_229' title='bbox 1074 2744 1114 2785; x_wconf 79' lang='lat' dir='ltr'><em>ea</em></span> <span class='ocrx_word' id='word_1_230' title='bbox 1130 2716 1313 2802; x_wconf 54' lang='lat' dir='ltr'><em>prasbipto</em></span> <span class='ocrx_word' id='word_1_231' title='bbox 1326 2728 1496 2801; x_wconf 80' lang='lat' dir='ltr'><em>debentqui</em></span> <span class='ocrx_word' id='word_1_232' title='bbox 1510 2730 1643 2801; x_wconf 87' lang='lat' dir='ltr'><em>litiqant:</em></span> 
     </span>
     <span class='ocr_line' id='line_1_22' title="bbox 349 2828 1643 2929; baseline 0.001 -40"><span class='ocrx_word' id='word_1_233' title='bbox 349 2830 494 2904; x_wconf 88' lang='lat' dir='ltr'><em>siquidem</em></span> <span class='ocrx_word' id='word_1_234' title='bbox 520 2835 589 2887; x_wconf 88' lang='lat' dir='ltr'><em>ante</em></span> <span class='ocrx_word' id='word_1_235' title='bbox 616 2831 675 2887; x_wconf 89' lang='lat' dir='ltr'><em>litis</em></span> <span class='ocrx_word' id='word_1_236' title='bbox 700 2830 936 2887; x_wconf 71' lang='lat' dir='ltr'><em>contestationem</em></span> <span class='ocrx_word' id='word_1_237' title='bbox 965 2834 1049 2886; x_wconf 89' lang='lat' dir='ltr'><em>actor</em></span> <span class='ocrx_word' id='word_1_238' title='bbox 1075 2829 1197 2902; x_wconf 79' lang='lat' dir='ltr'><em>deponit</em></span> <span class='ocrx_word' id='word_1_239' title='bbox 1227 2845 1283 2887; x_wconf 80' lang='lat' dir='ltr'><em>seu</em></span> <span class='ocrx_word' id='word_1_240' title='bbox 1309 2828 1507 2929; x_wconf 44' lang='lat' dir='ltr'><em>drachmas·</em></span> <span class='ocrx_word' id='word_1_241' title='bbox 1526 2832 1643 2899; x_wconf 79' lang='lat' dir='ltr'><em>totidem</em></span> 
     </span>
     <span class='ocr_line' id='line_1_23' title="bbox 350 2913 1713 3005; baseline 0.001 -16"><span class='ocrx_word' id='word_1_242' title='bbox 350 2946 434 3002; x_wconf 76' lang='lat' dir='ltr'><em>retus,</em></span> <span class='ocrx_word' id='word_1_243' title='bbox 465 2946 520 2990; x_wconf 90' lang='lat' dir='ltr'><em>nec</em></span> <span class='ocrx_word' id='word_1_244' title='bbox 538 2932 666 3004; x_wconf 89' lang='lat' dir='ltr'><em>amplius</em></span> <span class='ocrx_word' id='word_1_245' title='bbox 687 2913 918 3005; x_wconf 62' lang='lat' dir='ltr'><em>quicquam&#39;sas</em></span> <span class='ocrx_word' id='word_1_246' title='bbox 939 2936 984 2988; x_wconf 86' lang='lat' dir='ltr'><em>est</em></span> <span class='ocrx_word' id='word_1_247' title='bbox 1003 2931 1134 3002; x_wconf 75' lang='lat' dir='ltr'><em>estque.</em></span> <span class='ocrx_word' id='word_1_248' title='bbox 1180 2930 1236 2989; x_wconf 89' lang='lat' dir='ltr'><em>liis</em></span> <span class='ocrx_word' id='word_1_249' title='bbox 1257 2930 1386 2989; x_wconf 83' lang='lat' dir='ltr'><em>marittus</em></span> <span class='ocrx_word' id='word_1_250' title='bbox 1405 2930 1515 3003; x_wconf 77' lang='lat' dir='ltr'><em>effecit,</em></span> <span class='ocrx_word' id='word_1_251' title='bbox 1545 2938 1577 2990; x_wconf 89' lang='lat' dir='ltr'><em>ut</em></span> <span class='ocrx_word' id='word_1_252' title='bbox 1596 2929 1713 2991; x_wconf 60' lang='lat' dir='ltr'><em>rii-³⁴·</em></span> 
     </span>
     <span class='ocr_line' id='line_1_24' title="bbox 352 3030 1646 3104; baseline -0.001 -13"><span class='ocrx_word' id='word_1_253' title='bbox 352 3034 436 3091; x_wconf 87' lang='lat' dir='ltr'><em>vitati</em></span> <span class='ocrx_word' id='word_1_254' title='bbox 461 3048 524 3090; x_wconf 81' lang='lat' dir='ltr'><em>sure</em></span> <span class='ocrx_word' id='word_1_255' title='bbox 549 3035 635 3104; x_wconf 83' lang='lat' dir='ltr'><em>lonqe</em></span> <span class='ocrx_word' id='word_1_256' title='bbox 660 3032 853 3091; x_wconf 74' lang='lat' dir='ltr'><em>charissimum</em></span> <span class='ocrx_word' id='word_1_257' title='bbox 880 3038 963 3090; x_wconf 88' lang='lat' dir='ltr'><em>esset.</em></span> <span class='ocrx_word' id='word_1_258' title='bbox 1013 3030 1195 3090; x_wconf 87' lang='lat' dir='ltr'><em>Decreverat</em></span> <span class='ocrx_word' id='word_1_259' title='bbox 1217 3039 1314 3090; x_wconf 91' lang='lat' dir='ltr'><em>autem</em></span> <span class='ocrx_word' id='word_1_260' title='bbox 1342 3032 1402 3091; x_wconf 83' lang='lat' dir='ltr'><em>lac</em></span> <span class='ocrx_word' id='word_1_261' title='bbox 1424 3031 1552 3103; x_wconf 74' lang='lat' dir='ltr'><em>sutrina</em></span> <span class='ocrx_word' id='word_1_262' title='bbox 1583 3049 1646 3091; x_wconf 90' lang='lat' dir='ltr'><em>esse</em></span> 
     </span>
     <span class='ocr_line' id='line_1_25' title="bbox 351 3133 1644 3207; baseline 0.001 -16"><span class='ocrx_word' id='word_1_263' title='bbox 351 3139 517 3203; x_wconf 87' lang='lat' dir='ltr'><em>contentus,</em></span> <span class='ocrx_word' id='word_1_264' title='bbox 546 3148 613 3206; x_wconf 79' lang='lat' dir='ltr'><em>quoe</em></span> <span class='ocrx_word' id='word_1_265' title='bbox 637 3139 667 3192; x_wconf 91' lang='lat' dir='ltr'><em>et</em></span> <span class='ocrx_word' id='word_1_266' title='bbox 691 3135 764 3191; x_wconf 87' lang='lat' dir='ltr'><em>sutis</em></span> <span class='ocrx_word' id='word_1_267' title='bbox 790 3134 912 3191; x_wconf 72' lang='lat' dir='ltr'><em>habaet</em></span> <span class='ocrx_word' id='word_1_268' title='bbox 931 3133 1098 3191; x_wconf 87' lang='lat' dir='ltr'><em>autoritatis</em></span> <span class='ocrx_word' id='word_1_269' title='bbox 1126 3149 1181 3191; x_wconf 86' lang='lat' dir='ltr'><em>nec</em></span> <span class='ocrx_word' id='word_1_270' title='bbox 1206 3138 1303 3191; x_wconf 88' lang='lat' dir='ltr'><em>tamen</em></span> <span class='ocrx_word' id='word_1_271' title='bbox 1328 3139 1403 3192; x_wconf 86' lang='lat' dir='ltr'><em>esset</em></span> <span class='ocrx_word' id='word_1_272' title='bbox 1422 3135 1564 3207; x_wconf 80' lang='lat' dir='ltr'><em>providus</em></span> <span class='ocrx_word' id='word_1_273' title='bbox 1589 3133 1644 3192; x_wconf 83' lang='lat' dir='ltr'><em>ab·</em></span> 
     </span>
     <span class='ocr_line' id='line_1_26' title="bbox 316 3229 1646 3308; baseline 0.002 -17"><span class='ocrx_word' id='word_1_274' title='bbox 316 3237 447 3292; x_wconf 71' lang='lat' dir='ltr'><em>usuaria</em></span> <span class='ocrx_word' id='word_1_275' title='bbox 463 3235 619 3307; x_wconf 88' lang='lat' dir='ltr'><em>periculis.</em></span> <span class='ocrx_word' id='word_1_276' title='bbox 663 3232 759 3294; x_wconf 86' lang='lat' dir='ltr'><em>Sernel</em></span> <span class='ocrx_word' id='word_1_277' title='bbox 784 3242 872 3308; x_wconf 91' lang='lat' dir='ltr'><em>atque</em></span> <span class='ocrx_word' id='word_1_278' title='bbox 898 3236 1004 3292; x_wconf 78' lang='lat' dir='ltr'><em>itemtm</em></span> <span class='ocrx_word' id='word_1_279' title='bbox 1030 3239 1172 3292; x_wconf 73' lang='lat' dir='ltr'><em>catanus</em></span> <span class='ocrx_word' id='word_1_280' title='bbox 1194 3242 1237 3293; x_wconf 88' lang='lat' dir='ltr'><em>est</em></span> <span class='ocrx_word' id='word_1_281' title='bbox 1266 3236 1297 3292; x_wconf 87' lang='lat' dir='ltr'><em>in</em></span> <span class='ocrx_word' id='word_1_282' title='bbox 1318 3237 1508 3307; x_wconf 83' lang='lat' dir='ltr'><em>leqationem,</em></span> <span class='ocrx_word' id='word_1_283' title='bbox 1535 3237 1564 3293; x_wconf 91' lang='lat' dir='ltr'><em>in</em></span> <span class='ocrx_word' id='word_1_284' title='bbox 1585 3229 1646 3308; x_wconf 78' lang='lat' dir='ltr'><em>qua</em></span> 
     </span>
     <span class='ocr_line' id='line_1_27' title="bbox 353 3336 1645 3410; baseline 0.002 -17"><span class='ocrx_word' id='word_1_285' title='bbox 353 3350 420 3393; x_wconf 91' lang='lat' dir='ltr'><em>cum</em></span> <span class='ocrx_word' id='word_1_286' title='bbox 446 3352 478 3394; x_wconf 88' lang='lat' dir='ltr'><em>se</em></span> <span class='ocrx_word' id='word_1_287' title='bbox 501 3336 706 3394; x_wconf 82' lang='lat' dir='ltr'><em>cordatissime</em></span> <span class='ocrx_word' id='word_1_288' title='bbox 730 3338 880 3409; x_wconf 85' lang='lat' dir='ltr'><em>qessisset,</em></span> <span class='ocrx_word' id='word_1_289' title='bbox 910 3349 969 3393; x_wconf 86' lang='lat' dir='ltr'><em>aaa</em></span> <span class='ocrx_word' id='word_1_290' title='bbox 994 3338 1159 3408; x_wconf 88' lang='lat' dir='ltr'><em>conquievit</em></span> <span class='ocrx_word' id='word_1_291' title='bbox 1183 3337 1386 3395; x_wconf 88' lang='lat' dir='ltr'><em>serenissimus</em></span> <span class='ocrx_word' id='word_1_292' title='bbox 1408 3353 1466 3394; x_wconf 81' lang='lat' dir='ltr'><em>reu</em></span> <span class='ocrx_word' id='word_1_293' title='bbox 1487 3336 1645 3410; x_wconf 75' lang='lat' dir='ltr'><em>demicus,</em></span> 
     </span>
     <span class='ocr_line' id='line_1_28' title="bbox 352 3431 1646 3511; baseline 0 -16"><span class='ocrx_word' id='word_1_294' title='bbox 352 3439 415 3495; x_wconf 86' lang='lat' dir='ltr'><em>eius</em></span> <span class='ocrx_word' id='word_1_295' title='bbox 443 3431 570 3495; x_wconf 86' lang='lat' dir='ltr'><em>nominis&#39;</em></span> <span class='ocrx_word' id='word_1_296' title='bbox 596 3444 727 3508; x_wconf 90' lang='lat' dir='ltr'><em>octavus,</em></span> <span class='ocrx_word' id='word_1_297' title='bbox 758 3437 852 3495; x_wconf 90' lang='lat' dir='ltr'><em>donec</em></span> <span class='ocrx_word' id='word_1_298' title='bbox 878 3436 1022 3494; x_wconf 79' lang='lat' dir='ltr'><em>nominem</em></span> <span class='ocrx_word' id='word_1_299' title='bbox 1049 3438 1078 3493; x_wconf 91' lang='lat' dir='ltr'><em>in</em></span> <span class='ocrx_word' id='word_1_300' title='bbox 1110 3439 1210 3494; x_wconf 89' lang='lat' dir='ltr'><em>aulam</em></span> <span class='ocrx_word' id='word_1_301' title='bbox 1240 3453 1326 3495; x_wconf 81' lang='lat' dir='ltr'><em>sitam</em></span> <span class='ocrx_word' id='word_1_302' title='bbox 1351 3438 1555 3511; x_wconf 75' lang='lat' dir='ltr'><em>pertraheret:</em></span> <span class='ocrx_word' id='word_1_303' title='bbox 1589 3454 1646 3496; x_wconf 88' lang='lat' dir='ltr'><em>cur</em></span> 
     </span>
     <span class='ocr_line' id='line_1_29' title="bbox 352 3525 1715 3621; baseline 0.001 -26"><span class='ocrx_word' id='word_1_304' title='bbox 352 3540 429 3595; x_wconf 88' lang='lat' dir='ltr'><em>enim</em></span> <span class='ocrx_word' id='word_1_305' title='bbox 452 3552 511 3595; x_wconf 89' lang='lat' dir='ltr'><em>non</em></span> <span class='ocrx_word' id='word_1_306' title='bbox 531 3537 633 3621; x_wconf 72' lang='lat' dir='ltr'><em>(licam</em></span> <span class='ocrx_word' id='word_1_307' title='bbox 654 3534 877 3612; x_wconf 76' lang='lat' dir='ltr'><em>pertraheret?</em></span> <span class='ocrx_word' id='word_1_308' title='bbox 909 3540 1008 3596; x_wconf 89' lang='lat' dir='ltr'><em>nullus</em></span> <span class='ocrx_word' id='word_1_309' title='bbox 1030 3554 1159 3612; x_wconf 89' lang='lat' dir='ltr'><em>unquam</em></span> <span class='ocrx_word' id='word_1_310' title='bbox 1181 3539 1377 3597; x_wconf 80' lang='lat' dir='ltr'><em>venementius</em></span> <span class='ocrx_word' id='word_1_311' title='bbox 1403 3539 1506 3597; x_wconf 80' lang='lat' dir='ltr'><em>ambiit</em></span> <span class='ocrx_word' id='word_1_312' title='bbox 1531 3525 1715 3597; x_wconf 52' lang='lat' dir='ltr'><em>inan-tii·</em></span> 
     </span>
     <span class='ocr_line' id='line_1_30' title="bbox 353 3638 1647 3715; baseline 0.002 -19"><span class='ocrx_word' id='word_1_313' title='bbox 353 3641 413 3696; x_wconf 93' lang='lat' dir='ltr'><em>lam</em></span> <span class='ocrx_word' id='word_1_314' title='bbox 435 3639 566 3715; x_wconf 80' lang='lat' dir='ltr'><em>admitti,</em></span> <span class='ocrx_word' id='word_1_315' title='bbox 595 3654 683 3712; x_wconf 91' lang='lat' dir='ltr'><em>quam</em></span> <span class='ocrx_word' id='word_1_316' title='bbox 707 3639 756 3698; x_wconf 83' lang='lat' dir='ltr'><em>ltic</em></span> <span class='ocrx_word' id='word_1_317' title='bbox 776 3640 889 3697; x_wconf 85' lang='lat' dir='ltr'><em>studuit</em></span> <span class='ocrx_word' id='word_1_318' title='bbox 908 3638 1059 3710; x_wconf 79' lang='lat' dir='ltr'><em>effuqere:</em></span> <span class='ocrx_word' id='word_1_319' title='bbox 1092 3655 1193 3698; x_wconf 73' lang='lat' dir='ltr'><em>venem</em></span> <span class='ocrx_word' id='word_1_320' title='bbox 1214 3655 1280 3698; x_wconf 86' lang='lat' dir='ltr'><em>cum</em></span> <span class='ocrx_word' id='word_1_321' title='bbox 1303 3648 1379 3700; x_wconf 88' lang='lat' dir='ltr'><em>esset</em></span> <span class='ocrx_word' id='word_1_322' title='bbox 1403 3644 1509 3715; x_wconf 89' lang='lat' dir='ltr'><em>optimo</em></span> <span class='ocrx_word' id='word_1_323' title='bbox 1530 3643 1596 3713; x_wconf 85' lang='lat' dir='ltr'><em>reqi</em></span> <span class='ocrx_word' id='word_1_324' title='bbox 1616 3642 1647 3698; x_wconf 92' lang='lat' dir='ltr'><em>in</em></span> 
     </span>
     <span class='ocr_line' id='line_1_31' title="bbox 320 3739 1648 3816; baseline 0.002 -19"><span class='ocrx_word' id='word_1_325' title='bbox 320 3742 455 3799; x_wconf 84' lang='lat' dir='ltr'><em>monimo</em></span> <span class='ocrx_word' id='word_1_326' title='bbox 472 3740 625 3814; x_wconf 80' lang='lat' dir='ltr'><em>familiam</em></span> <span class='ocrx_word' id='word_1_327' title='bbox 646 3756 731 3798; x_wconf 88' lang='lat' dir='ltr'><em>suam</em></span> <span class='ocrx_word' id='word_1_328' title='bbox 753 3740 893 3810; x_wconf 86' lang='lat' dir='ltr'><em>eruditis,</em></span> <span class='ocrx_word' id='word_1_329' title='bbox 913 3739 1070 3811; x_wconf 74' lang='lat' dir='ltr'><em>providus,</em></span> <span class='ocrx_word' id='word_1_330' title='bbox 1096 3741 1229 3799; x_wconf 89' lang='lat' dir='ltr'><em>cordatis</em></span> <span class='ocrx_word' id='word_1_331' title='bbox 1250 3747 1280 3800; x_wconf 89' lang='lat' dir='ltr'><em>et</em></span> <span class='ocrx_word' id='word_1_332' title='bbox 1300 3745 1422 3816; x_wconf 81' lang='lat' dir='ltr'><em>inteqris</em></span> <span class='ocrx_word' id='word_1_333' title='bbox 1444 3745 1515 3801; x_wconf 78' lang='lat' dir='ltr'><em>vim‘s</em></span> <span class='ocrx_word' id='word_1_334' title='bbox 1537 3740 1648 3814; x_wconf 81' lang='lat' dir='ltr'><em>differ-</em></span> 
     </span>
     <span class='ocr_line' id='line_1_32' title="bbox 354 3841 1649 3918; baseline 0.002 -20"><span class='ocrx_word' id='word_1_335' title='bbox 354 3849 413 3899; x_wconf 97' lang='lat' dir='ltr'><em>tam</em></span> <span class='ocrx_word' id='word_1_336' title='bbox 434 3842 578 3912; x_wconf 82' lang='lat' dir='ltr'><em>reddere,</em></span> <span class='ocrx_word' id='word_1_337' title='bbox 604 3857 670 3899; x_wconf 91' lang='lat' dir='ltr'><em>cum</em></span> <span class='ocrx_word' id='word_1_338' title='bbox 692 3844 768 3901; x_wconf 89' lang='lat' dir='ltr'><em>alios</em></span> <span class='ocrx_word' id='word_1_339' title='bbox 786 3844 947 3916; x_wconf 86' lang='lat' dir='ltr'><em>permultos</em></span> <span class='ocrx_word' id='word_1_340' title='bbox 969 3848 1030 3899; x_wconf 88' lang='lat' dir='ltr'><em>tvm</em></span> <span class='ocrx_word' id='word_1_341' title='bbox 1042 3841 1160 3901; x_wconf 86' lang='lat' dir='ltr'><em>iliorum</em></span> <span class='ocrx_word' id='word_1_342' title='bbox 1181 3845 1212 3901; x_wconf 88' lang='lat' dir='ltr'><em>in</em></span> <span class='ocrx_word' id='word_1_343' title='bbox 1227 3846 1335 3918; x_wconf 86' lang='lat' dir='ltr'><em>primis</em></span> <span class='ocrx_word' id='word_1_344' title='bbox 1357 3846 1476 3913; x_wconf 86' lang='lat' dir='ltr'><em>accivit,</em></span> <span class='ocrx_word' id='word_1_345' title='bbox 1499 3858 1583 3917; x_wconf 89' lang='lat' dir='ltr'><em>quem</em></span> <span class='ocrx_word' id='word_1_346' title='bbox 1605 3843 1649 3901; x_wconf 89' lang='lat' dir='ltr'><em>sic</em></span> 
     </span>
     <span class='ocr_line' id='line_1_33' title="bbox 354 3942 1648 4017; baseline 0.002 -17"><span class='ocrx_word' id='word_1_347' title='bbox 354 3945 394 4000; x_wconf 89' lang='lat' dir='ltr'><em>in.</em></span> <span class='ocrx_word' id='word_1_348' title='bbox 407 3944 516 4000; x_wconf 83' lang='lat' dir='ltr'><em>intimis</em></span> <span class='ocrx_word' id='word_1_349' title='bbox 537 3942 626 4000; x_wconf 76' lang='lat' dir='ltr'><em>haba</em></span> <span class='ocrx_word' id='word_1_350' title='bbox 644 3950 676 4000; x_wconf 91' lang='lat' dir='ltr'><em>ut</em></span> <span class='ocrx_word' id='word_1_351' title='bbox 697 3959 717 4000; x_wconf 94' lang='lat' dir='ltr'><em>a</em></span> <span class='ocrx_word' id='word_1_352' title='bbox 738 3960 770 4001; x_wconf 92' lang='lat' dir='ltr'><em>se</em></span> <span class='ocrx_word' id='word_1_353' title='bbox 791 3959 943 4017; x_wconf 73' lang='lat' dir='ltr'><em>neutiquam</em></span> <span class='ocrx_word' id='word_1_354' title='bbox 960 3944 1100 4016; x_wconf 88' lang='lat' dir='ltr'><em>patiatur</em></span> <span class='ocrx_word' id='word_1_355' title='bbox 1121 3944 1294 4016; x_wconf 86' lang='lat' dir='ltr'><em>diseedere,·</em></span> <span class='ocrx_word' id='word_1_356' title='bbox 1322 3949 1383 4006; x_wconf 89' lang='lat' dir='ltr'><em>sive</em></span> <span class='ocrx_word' id='word_1_357' title='bbox 1402 3949 1488 4005; x_wconf 87' lang='lat' dir='ltr'><em>seriis</em></span> <span class='ocrx_word' id='word_1_358' title='bbox 1508 3945 1648 4003; x_wconf 89' lang='lat' dir='ltr'><em>utendum</em></span> 
     </span>
     <span class='ocr_line' id='line_1_34' title="bbox 354 4045 1647 4118; baseline 0.001 -16"><span class='ocrx_word' id='word_1_359' title='bbox 354 4051 410 4116; x_wconf 90' lang='lat' dir='ltr'><em>est,</em></span> <span class='ocrx_word' id='word_1_360' title='bbox 436 4045 512 4102; x_wconf 84' lang='lat' dir='ltr'><em>viliil</em></span> <span class='ocrx_word' id='word_1_361' title='bbox 531 4046 583 4102; x_wconf 88' lang='lat' dir='ltr'><em>illo</em></span> <span class='ocrx_word' id='word_1_362' title='bbox 603 4045 778 4114; x_wconf 85' lang='lat' dir='ltr'><em>consultius,</em></span> <span class='ocrx_word' id='word_1_363' title='bbox 807 4047 867 4103; x_wconf 89' lang='lat' dir='ltr'><em>siue</em></span> <span class='ocrx_word' id='word_1_364' title='bbox 891 4047 984 4104; x_wconf 88' lang='lat' dir='ltr'><em>visum</em></span> <span class='ocrx_word' id='word_1_365' title='bbox 1010 4050 1054 4103; x_wconf 90' lang='lat' dir='ltr'><em>est</em></span> <span class='ocrx_word' id='word_1_366' title='bbox 1077 4048 1146 4118; x_wconf 83' lang='lat' dir='ltr'><em>reqi</em></span> <span class='ocrx_word' id='word_1_367' title='bbox 1168 4046 1284 4118; x_wconf 80' lang='lat' dir='ltr'><em>scottiis</em></span> <span class='ocrx_word' id='word_1_368' title='bbox 1305 4047 1515 4106; x_wconf 77' lang='lat' dir='ltr'><em>amarioribus</em></span> <span class='ocrx_word' id='word_1_369' title='bbox 1536 4048 1647 4103; x_wconf 78' lang='lat' dir='ltr'><em>laxare</em></span> 
     </span>
     <span class='ocr_line' id='line_1_35' title="bbox 355 4144 1716 4221; baseline 0 -18"><span class='ocrx_word' id='word_1_370' title='bbox 355 4150 501 4217; x_wconf 91' lang='lat' dir='ltr'><em>animum,</em></span> <span class='ocrx_word' id='word_1_371' title='bbox 529 4147 611 4203; x_wconf 88' lang='lat' dir='ltr'><em>nullo</em></span> <span class='ocrx_word' id='word_1_372' title='bbox 638 4160 734 4203; x_wconf 89' lang='lat' dir='ltr'><em>comes</em></span> <span class='ocrx_word' id='word_1_373' title='bbox 757 4144 901 4216; x_wconf 78' lang='lat' dir='ltr'><em>festivior.</em></span> <span class='ocrx_word' id='word_1_374' title='bbox 945 4161 1026 4219; x_wconf 74' lang='lat' dir='ltr'><em>suapte</em></span> <span class='ocrx_word' id='word_1_375' title='bbox 1046 4162 1095 4204; x_wconf 90' lang='lat' dir='ltr'><em>res</em></span> <span class='ocrx_word' id='word_1_376' title='bbox 1115 4147 1367 4207; x_wconf 75' lang='lat' dir='ltr'><em>arduta&#39;iudicem</em></span> <span class='ocrx_word' id='word_1_377' title='bbox 1386 4163 1509 4221; x_wconf 81' lang='lat' dir='ltr'><em>qrouem</em></span> <span class='ocrx_word' id='word_1_378' title='bbox 1528 4152 1558 4205; x_wconf 87' lang='lat' dir='ltr'><em>et</em></span> <span class='ocrx_word' id='word_1_379' title='bbox 1574 4146 1716 4203; x_wconf 55' lang='lat' dir='ltr'><em>cord-³⁶·</em></span> 
     </span>
     <span class='ocr_line' id='line_1_36' title="bbox 320 4246 1649 4322; baseline -0.002 -17"><span class='ocrx_word' id='word_1_380' title='bbox 320 4248 458 4306; x_wconf 80' lang='lat' dir='ltr'><em>ssdtdum</em></span> <span class='ocrx_word' id='word_1_381' title='bbox 477 4246 731 4321; x_wconf 59' lang='lat' dir='ltr'><em>postulantium</em></span> <span class='ocrx_word' id='word_1_382' title='bbox 760 4249 803 4305; x_wconf 88' lang='lat' dir='ltr'><em>sic</em></span> <span class='ocrx_word' id='word_1_383' title='bbox 830 4246 934 4305; x_wconf 89' lang='lat' dir='ltr'><em>Morus</em></span> <span class='ocrx_word' id='word_1_384' title='bbox 961 4246 1095 4317; x_wconf 89' lang='lat' dir='ltr'><em>discutit,</em></span> <span class='ocrx_word' id='word_1_385' title='bbox 1126 4255 1158 4305; x_wconf 92' lang='lat' dir='ltr'><em>ut</em></span> <span class='ocrx_word' id='word_1_386' title='bbox 1185 4256 1312 4320; x_wconf 87' lang='lat' dir='ltr'><em>utraque</em></span> <span class='ocrx_word' id='word_1_387' title='bbox 1332 4265 1411 4322; x_wconf 84' lang='lat' dir='ltr'><em>pars</em></span> <span class='ocrx_word' id='word_1_388' title='bbox 1437 4248 1546 4307; x_wconf 81' lang='lat' dir='ltr'><em>ltaoeou</em></span> <span class='ocrx_word' id='word_1_389' title='bbox 1569 4260 1649 4318; x_wconf 84' lang='lat' dir='ltr'><em>qra-</em></span> 
     </span>
     <span class='ocr_line' id='line_1_37' title="bbox 355 4347 1649 4422; baseline -0.002 -16"><span class='ocrx_word' id='word_1_390' title='bbox 355 4351 444 4416; x_wconf 87' lang='lat' dir='ltr'><em>tiam‚·</em></span> <span class='ocrx_word' id='word_1_391' title='bbox 476 4365 531 4408; x_wconf 90' lang='lat' dir='ltr'><em>nec</em></span> <span class='ocrx_word' id='word_1_392' title='bbox 553 4354 649 4407; x_wconf 89' lang='lat' dir='ltr'><em>tamen</em></span> <span class='ocrx_word' id='word_1_393' title='bbox 672 4348 710 4406; x_wconf 79' lang='lat' dir='ltr'><em>aiv</em></span> <span class='ocrx_word' id='word_1_394' title='bbox 729 4365 764 4406; x_wconf 90' lang='lat' dir='ltr'><em>eo</em></span> <span class='ocrx_word' id='word_1_395' title='bbox 785 4350 938 4421; x_wconf 71' lang='lat' dir='ltr'><em>pruisquam</em></span> <span class='ocrx_word' id='word_1_396' title='bbox 964 4348 1148 4420; x_wconf 84' lang='lat' dir='ltr'><em>impetravit,</em></span> <span class='ocrx_word' id='word_1_397' title='bbox 1177 4355 1209 4407; x_wconf 92' lang='lat' dir='ltr'><em>ut</em></span> <span class='ocrx_word' id='word_1_398' title='bbox 1228 4363 1334 4406; x_wconf 88' lang='lat' dir='ltr'><em>munus</em></span> <span class='ocrx_word' id='word_1_399' title='bbox 1356 4365 1375 4406; x_wconf 92' lang='lat' dir='ltr'><em>a</em></span> <span class='ocrx_word' id='word_1_400' title='bbox 1398 4362 1544 4422; x_wconf 92' lang='lat' dir='ltr'><em>quoquam</em></span> <span class='ocrx_word' id='word_1_401' title='bbox 1563 4347 1649 4404; x_wconf 83' lang='lat' dir='ltr'><em>acci-</em></span> 
     </span>
     <span class='ocr_line' id='line_1_38' title="bbox 350 4447 1651 4523; baseline -0.002 -16"><span class='ocrx_word' id='word_1_402' title='bbox 350 4456 456 4523; x_wconf 85' lang='lat' dir='ltr'><em>peret:</em></span> <span class='ocrx_word' id='word_1_403' title='bbox 486 4448 592 4520; x_wconf 80' lang='lat' dir='ltr'><em>felices</em></span> <span class='ocrx_word' id='word_1_404' title='bbox 613 4449 829 4523; x_wconf 81' lang='lat' dir='ltr'><em>respublicas,</em></span> <span class='ocrx_word' id='word_1_405' title='bbox 857 4450 885 4506; x_wconf 91' lang='lat' dir='ltr'><em>si</em></span> <span class='ocrx_word' id='word_1_406' title='bbox 905 4447 987 4505; x_wconf 87' lang='lat' dir='ltr'><em>Mori</em></span> <span class='ocrx_word' id='word_1_407' title='bbox 1006 4449 1115 4505; x_wconf 82' lang='lat' dir='ltr'><em>similes</em></span> <span class='ocrx_word' id='word_1_408' title='bbox 1137 4450 1329 4521; x_wconf 80' lang='lat' dir='ltr'><em>muqistratvs</em></span> <span class='ocrx_word' id='word_1_409' title='bbox 1354 4450 1460 4523; x_wconf 80' lang='lat' dir='ltr'><em>urbique</em></span> <span class='ocrx_word' id='word_1_410' title='bbox 1481 4450 1651 4521; x_wconf 75' lang='lat' dir='ltr'><em>praeficeret</em></span> 
     </span>
     <span class='ocr_line' id='line_1_39' title="bbox 351 4548 1717 4625; baseline -0.001 -17"><span class='ocrx_word' id='word_1_411' title='bbox 351 4553 505 4625; x_wconf 89' lang='lat' dir='ltr'><em>princeps.</em></span> <span class='ocrx_word' id='word_1_412' title='bbox 541 4567 596 4618; x_wconf 81' lang='lat' dir='ltr'><em>nea</em></span> <span class='ocrx_word' id='word_1_413' title='bbox 617 4553 734 4609; x_wconf 84' lang='lat' dir='ltr'><em>iuterim</em></span> <span class='ocrx_word' id='word_1_414' title='bbox 756 4551 847 4607; x_wconf 77' lang='lat' dir='ltr'><em>tilium</em></span> <span class='ocrx_word' id='word_1_415' title='bbox 869 4548 992 4605; x_wconf 75' lang='lat' dir='ltr'><em>seccessit</em></span> <span class='ocrx_word' id='word_1_416' title='bbox 1011 4550 1220 4621; x_wconf 85' lang='lat' dir='ltr'><em>supercilium:</em></span> <span class='ocrx_word' id='word_1_417' title='bbox 1242 4550 1319 4607; x_wconf 85' lang='lat' dir='ltr'><em>inter</em></span> <span class='ocrx_word' id='word_1_418' title='bbox 1340 4557 1438 4608; x_wconf 87' lang='lat' dir='ltr'><em>tantas</em></span> <span class='ocrx_word' id='word_1_419' title='bbox 1459 4551 1717 4623; x_wconf 66' lang='lat' dir='ltr'><em>imputarunt-³⁷·</em></span> 
     </span>
     <span class='ocr_line' id='line_1_40' title="bbox 355 4648 1650 4721; baseline 0 -12"><span class='ocrx_word' id='word_1_420' title='bbox 355 4652 444 4710; x_wconf 90' lang='lat' dir='ltr'><em>moles</em></span> <span class='ocrx_word' id='word_1_421' title='bbox 474 4658 503 4709; x_wconf 88' lang='lat' dir='ltr'><em>at</em></span> <span class='ocrx_word' id='word_1_422' title='bbox 530 4659 657 4712; x_wconf 89' lang='lat' dir='ltr'><em>veterum</em></span> <span class='ocrx_word' id='word_1_423' title='bbox 682 4650 877 4709; x_wconf 91' lang='lat' dir='ltr'><em>amiculorum</em></span> <span class='ocrx_word' id='word_1_424' title='bbox 896 4648 1048 4721; x_wconf 58' lang='lat' dir='ltr'><em>intention,</em></span> <span class='ocrx_word' id='word_1_425' title='bbox 1078 4655 1107 4708; x_wconf 88' lang='lat' dir='ltr'><em>et</em></span> <span class='ocrx_word' id='word_1_426' title='bbox 1133 4650 1177 4707; x_wconf 90' lang='lat' dir='ltr'><em>ad</em></span> <span class='ocrx_word' id='word_1_427' title='bbox 1201 4651 1305 4709; x_wconf 80' lang='lat' dir='ltr'><em>literas</em></span> <span class='ocrx_word' id='word_1_428' title='bbox 1336 4651 1494 4710; x_wconf 89' lang='lat' dir='ltr'><em>adamatas</em></span> <span class='ocrx_word' id='word_1_429' title='bbox 1526 4651 1650 4710; x_wconf 83' lang='lat' dir='ltr'><em>subinde</em></span> 
     </span>
    </p>
   </div>
   <div class='ocr_carea' id='block_1_3' title="bbox 356 4863 1649 5021">
    <p class='ocr_par' dir='ltr' id='par_1_3' title="bbox 356 4863 1649 5021">
     <span class='ocr_line' id='line_1_41' title="bbox 421 4863 1649 4948; baseline -0.001 -30"><span class='ocrx_word' id='word_1_430' title='bbox 421 4866 788 4948; x_wconf 56' lang='lat' dir='ltr'><em>’ininmaututomiuld</em></span> <span class='ocrx_word' id='word_1_431' title='bbox 829 4863 983 4930; x_wconf 83' lang='lat' dir='ltr'><em>⁸qu07.8.</em></span> <span class='ocrx_word' id='word_1_432' title='bbox 1025 4865 1167 4931; x_wconf 82' lang='lat' dir='ltr'><em>profectus</em></span> <span class='ocrx_word' id='word_1_433' title='bbox 1182 4871 1239 4919; x_wconf 89' lang='lat' dir='ltr'><em>t.7.</em></span> <span class='ocrx_word' id='word_1_434' title='bbox 1250 4872 1275 4919; x_wconf 82' lang='lat'><em>8.</em></span> <span class='ocrx_word' id='word_1_435' title='bbox 1323 4867 1649 4920; x_wconf 78' lang='lat' dir='ltr'><em>⁴iameridiculoerrore</em></span> 
     </span>
     <span class='ocr_line' id='line_1_42' title="bbox 356 4948 1648 5021; baseline 0.005 -20"><span class='ocrx_word' id='word_1_436' title='bbox 356 4957 380 5001; x_wconf 86' lang='lat'><em>7.</em></span> <span class='ocrx_word' id='word_1_437' title='bbox 391 4954 415 5001; x_wconf 88' lang='lat'><em>8.</em></span> <span class='ocrx_word' id='word_1_438' title='bbox 450 4951 693 5021; x_wconf 61' lang='lat' dir='ltr'><em>⁰uuquamtmqq.</em></span> <span class='ocrx_word' id='word_1_439' title='bbox 730 4952 752 4986; x_wconf 89' lang='lat'><em>¹⁰</em></span> <span class='ocrx_word' id='word_1_440' title='bbox 765 4951 790 5020; x_wconf 89' lang='lat' dir='ltr'><em>e]</em></span> <span class='ocrx_word' id='word_1_441' title='bbox 805 4958 833 5003; x_wconf 81' lang='lat' dir='ltr'><em>ot</em></span> <span class='ocrx_word' id='word_1_442' title='bbox 844 4956 868 5002; x_wconf 88' lang='lat'><em>7.</em></span> <span class='ocrx_word' id='word_1_443' title='bbox 878 4952 903 5016; x_wconf 61' lang='lat'><em>8,</em></span> <span class='ocrx_word' id='word_1_444' title='bbox 940 4948 1235 5010; x_wconf 81' lang='lat' dir='ltr'><em>¹⁸L0ndiniensiti...8.</em></span> <span class='ocrx_word' id='word_1_445' title='bbox 1271 4953 1290 4987; x_wconf 76' lang='lat'><em>²¹</em></span> <span class='ocrx_word' id='word_1_446' title='bbox 1305 4956 1386 5006; x_wconf 84' lang='lat' dir='ltr'><em>sext.</em></span> <span class='ocrx_word' id='word_1_447' title='bbox 1407 4955 1648 5008; x_wconf 64' lang='lat' dir='ltr'><em>trasumenum.</em></span> 
     </span>
    </p>
   </div>
   <div class='ocr_carea' id='block_1_4' title="bbox 0 0 1992 5950">
    <p class='ocr_par' dir='ltr' id='par_1_4' title="bbox 0 0 1992 5950">
     <span class='ocr_line' id='line_1_43' title="bbox 0 0 1992 5950; baseline 0 0"><span class='ocrx_word' id='word_1_448' title='bbox 0 0 1992 5950; x_wconf 95' lang='lat' dir='ltr'><em> </em></span> 
     </span>
    </p>
   </div>
  </div>
 </body>
</html>
