3917 5950
471 648 599 699 XXVIII.
619 652 742 700 nvrrsui
755 663 792 698 ιι)
804 632 970 698 iriensem
982 662 1018 696 ne
1032 660 1178 696 sensnsru
1191 661 1233 695 ne.
1248 662 1273 695 n.
1290 654 1308 694 t.
1322 661 1386 697 tvo.
1401 653 1460 697 tote.
1565 631 1614 704 53

317 820 395 887 hnc,
418 836 507 898 quam
530 826 561 880 tu
584 794 700 897 reptes,
723 818 845 877 Francis
867 815 958 894 glorio
983 814 1135 875 resultare.
1181 800 1277 893 nenne
1304 834 1373 894 ego,
1403 825 1436 877 ut
1463 817 1615 895 placerent

315 940 383 1002 qtiae
404 923 523 999 scripu,
544 920 574 980 id
597 919 712 989 studui,
735 919 787 979 sed
809 927 842 979 ut
864 935 952 996 quern
975 917 1095 977 minime
1118 915 1320 994 displicerent;
1350 936 1417 978 cum
1440 919 1506 997 qiiio
1530 920 1613 982 triste

317 1030 526 1101 argumentum
549 1028 578 1082 et
599 1040 649 1082 res
669 1021 751 1089 telis,
775 1023 858 1082 cuins
881 1020 1121 1081 commemoratio
1143 1019 1228 1079 bonis
1250 1019 1387 1079 omnihus
1408 1020 1612 1082 molestissime

316 1132 375 1194 est,
398 1132 461 1185 tum
487 1142 558 1185 vero
580 1124 646 1202 quie
670 1123 803 1183 adhiberi
827 1141 897 1184 cura
921 1140 979 1181 uon
1003 1122 1153 1198 potuitne
1176 1127 1385 1198 penetentum
1409 1122 1522 1183 caterno
1544 1141 1611 1202 per·

292 1227 440 1287 omissum
461 1233 520 1295 est,
553 1231 695 1304 qtrnnturn
719 1210 845 1305 impetus
867 1230 895 1284 et
917 1242 983 1302 quae
1004 1230 1076 1283 tuuc
1097 1230 1160 1282 erat
1182 1224 1269 1282 enimi
1297 1226 1454 1283 commotio
1482 1225 1610 1303 ingessd.

315 1328 485 1407 Deploratio
506 1334 551 1387 est
572 1328 601 1386 in
630 1329 759 1387 occisum
784 1327 943 1387 Hnttenum
971 1344 1056 1385 versu
1079 1324 1214 1392 heroico,
1249 1332 1276 1384 et
1305 1324 1426 1402 epistota
1453 1325 1489 1385 ed
1513 1327 1667 1393 Ludo-ez.

314 1429 432 1505 nohum
454 1447 556 1491 senem
578 1429 787 1497 consolatoria,
811 1428 918 1488 deinde
940 1429 969 1486 in
985 1427 1169 1495 ·0ccisorem,
1203 1426 1440 1504 quandoquidem
1471 1429 1609 1489 iudicium

314 1538 453 1609 peretur,
476 1532 632 1593 accusatio.
678 1531 742 1601 Ouo
765 1529 914 1590 scribendi
936 1546 1059 1607 genere,
1088 1530 1166 1607 quod
1189 1545 1292 1587 omnes
1318 1529 1430 1597 sciunt,
1459 1547 1666 1609 nunqnemeo.

315 1650 363 1693 me
389 1633 509 1693 aucei
534 1633 632 1711 prins,
665 1650 744 1693 nunc
772 1639 871 1693 autom
900 1638 1001 1690 coacte
1022 1631 1115 1707 magis
1144 1650 1230 1709 quom
1261 1632 1384 1690 fortusse
1407 1630 1537 1691 feliciter.
1582 1640 1611 1695 et

281 1748 306 1791 ιι
315 1734 466 1813 quomodo
487 1734 596 1813 aliquid
619 1734 779 1795 scriberem
809 1733 931 1794 auribus
960 1732 1097 1810 dignum,
1129 1734 1178 1810 qui
1206 1734 1269 1814 sine
1298 1731 1379 1792 tibris
1411 1750 1522 1802 essem,
1556 1751 1611 1796 nec

312 1854 408 1897 esseni
431 1837 557 1915 quietus,
580 1843 610 1896 et
631 1843 664 1897 ut
684 1838 795 1896 rectius
816 1835 921 1903 dicam,
945 1835 994 1911 qui
1018 1851 1162 1911 nimquam
1185 1833 1418 1911 smnivegehar
1441 1836 1518 1895 enim
1542 1836 1610 1896 hinc

312 1938 391 2009 inde,
414 1940 518 2017 utqui
539 1945 678 2015 paternas
700 1938 841 2016 quasdam
857 1937 987 1996 rationes
1003 1937 1159 2013 exigerem.
1195 1936 1260 2005 Quo
1276 1937 1394 2004 sactum,
1418 1944 1450 1997 nt
1468 1938 1609 1998 iuniorem

312 2040 401 2101 huius
422 2040 571 2109 orationis,
594 2041 618 2100 si
640 2047 771 2123 meretur
793 2039 859 2108 dic-i,
882 2046 995 2116 portem
1020 2039 1047 2095 in
1064 2057 1140 2116 equo
1157 2044 1185 2098 et
1203 2038 1367 2097 itinerando
1381 2041 1607 2116 composuerim,

312 2141 425 2221 redona
447 2143 477 2202 in
499 2140 586 2221 epiris
607 2149 636 2201 et
659 2140 706 2200 ilie
728 2147 829 2201 nosne
851 2158 929 2208 arec,
952 2137 1041 2199 nuliis
1062 2139 1148 2216 piene
1170 2138 1274 2198 studiis
1296 2139 1432 2199 obnoxie.
1471 2139 1546 2210 Ouid
1561 2140 1666 2206 idere.

278 2260 302 2299 u
312 2244 419 2322 igitur,
449 2260 536 2322 quem
560 2243 652 2310 nosti.
675 2243 825 2304 Romanus
847 2240 938 2313 Mulio,
958 2242 1009 2302 tibi
1030 2241 1154 2311 videbit,
1178 2239 1335 2301 iudicabit?
1368 2241 1458 2302 credo
1481 2259 1539 2301 non
1561 2260 1608 2304 re·

311 2345 493 2423 prehendet,
526 2352 559 2405 ut
581 2346 629 2422 qiii
651 2362 754 2405 versus
775 2353 889 2405 tantmn
911 2344 1015 2404 soiitos
1037 2350 1094 2412 cst,
1125 2344 1161 2403 de
1183 2343 1287 2421 hisque
1310 2361 1367 2402 non
1390 2344 1483 2421 magis
1500 2346 1608 2422 perite,
1680 2420 1684 2427 ,

310 2462 400 2526 quem
423 2447 472 2525 qiri
496 2447 725 2525 imperitissime:
749 2447 818 2526 quid
842 2449 919 2507 euim
943 2446 979 2505 de
1002 2445 1093 2505 literis
1115 2445 1272 2514 indiceret,
1297 2446 1371 2523 proli
1395 2445 1534 2524 Iuppiter,
1557 2448 1607 2526 qui

310 2556 370 2609 tem
393 2547 482 2631 habet
503 2549 566 2626 ipse
587 2547 701 2631 nullos?
729 2557 758 2609 et
780 2550 910 2610 iudicare
932 2548 1021 2608 audet
1042 2547 1179 2607 insciens.
1224 2566 1316 2627 quiere
1346 2549 1432 2607 etiam
1462 2548 1662 2615 molestis-es.

281 2649 498 2727 -simumnoe
518 2650 590 2710 mini
611 2652 730 2721 accidit,
753 2651 832 2729 quod
855 2668 932 2709 anno
956 2651 1104 2727 preterito
1127 2651 1343 2710 contentionem
1366 2668 1456 2728 super
1478 2651 1606 2729 quodem

273 2763 346 2813 tter
367 2750 491 2813 &saris
513 2751 730 2813 commentariis
752 2751 818 2812 loco
846 2753 952 2819 morit,
976 2769 1103 2830 cumque
1132 2769 1187 2830 ego
1219 2752 1429 2830 piesivisseni,
1464 2753 1605 2831 numquid

308 2852 468 2933 aliquando
490 2852 606 2933 legisset
628 2854 707 2915 hunc
721 2854 885 2922 authorem,
909 2853 1060 2931 respondit
1075 2853 1219 2913 audivisse
1233 2871 1329 2931 nuper
1344 2853 1410 2932 tegi,
1434 2872 1488 2932 pro
1504 2872 1606 2915 mensa

308 2957 373 3018 eius
404 2956 546 3035 episcopi.
581 2957 627 3018 oui
654 2955 755 3018 Romen
788 2957 937 3017 servierat.
983 2949 1114 3016 conc‘essi
1142 2956 1291 3034 flagitiose
1320 2955 1447 3016 hominis
1477 2957 1606 3018 audeciae

307 3067 338 3120 et
359 3075 411 3120 sue
434 3075 503 3120 eum
525 3058 636 3120 inscitia
660 3049 730 3118 satis
752 3059 881 3119 derisum
905 3058 1040 3118 deridere
1063 3056 1138 3117 uitro
1162 3058 1332 3136 contempsi.
1374 3075 1440 3117 nem
1457 3059 1604 3136 quiscum

306 3169 367 3220 tarn
391 3159 537 3221 inerudito
559 3160 597 3221 de
613 3161 788 3221 eruditione
815 3161 987 3228 contendat,
1022 3166 1053 3220 ut
1081 3161 1130 3238 qui
1160 3160 1284 3220 indicem
1313 3159 1460 3239 qiiendam
1483 3159 1605 3220 Caesaris

271 3263 528 3323 ncomnienteriis
549 3263 696 3324 adnexum
718 3264 793 3324 inter
814 3261 936 3322 (inseris
957 3263 1065 3339 scripta
1090 3263 1242 3323 numeret?
1265 3262 1322 3322 Sed
1338 3263 1411 3321 etin
1427 3261 1483 3321 atio
1506 3269 1601 3323 osten·
1614 3279 1660 3332 ee.

307 3364 349 3424 dit
370 3381 420 3425 se:
443 3381 511 3425 cum
533 3366 611 3424 enirn
633 3372 751 3444 poetam
773 3363 893 3424 solutori
916 3382 963 3424 mc
986 3364 1062 3424 forte
1084 3381 1099 3421 a
1123 3364 1251 3441 quodam
1274 3363 1534 3433 eninmdvcrtisset,
1557 3382 1603 3426 se·

306 3465 386 3526 denti
407 3481 502 3544 prope
523 3465 620 3527 nuum
641 3464 843 3526 ‘versificator‘
859 3473 955 3544 potest
977 3484 1042 3526 esse.
1065 3465 1111 3525 hic
1120 3465 1139 3524 t'
1170 3466 1303 3526 audierat
1325 3467 1434 3545 quippe
1457 3473 1485 3526 et
1507 3467 1604 3544 ipsum

306 3566 351 3636 id,
385 3567 538 3646 quotiese
567 3566 683 3628 stabulo
711 3575 842 3636 necaret,
876 3567 1033 3646 plerosque
1062 3568 1275 3630 versificatores
1303 3587 1367 3629 esse
1394 3570 1487 3647 inagis
1515 3586 1603 3647 quem

306 3676 418 3748 poetes.
464 3668 594 3730 Mende
616 3688 665 3729 res
688 3671 834 3747 proiecto,
869 3688 936 3730 eum
959 3671 1010 3748 epu
1032 3688 1125 3729 annos
1147 3678 1275 3747 qtiatnor
1305 3670 1402 3731 nruios
1423 3670 1524 3731 Romu
1553 3689 1603 3732 cu·

272 3771 433 3838 araverit,
455 3777 568 3832 tentum
591 3789 689 3850 operio
710 3772 826 3831 interior
850 3772 979 3849 potuisse
1002 3770 1092 3832 literis
1114 3772 1200 3841 dere,
1223 3774 1278 3832 nisi
1301 3779 1329 3833 et
1351 3773 1422 3832 asini
1445 3772 1547 3833 Romo
1569 3773 1602 3833 ii·

305 3879 384 3932 teras
411 3872 534 3934 docent:
567 3891 635 3932 narn
663 3871 750 3933 nuliis
777 3873 818 3932 ihi
846 3872 1019 3934 doctoribus
1047 3891 1166 3952 operam
1195 3875 1285 3935 dedit.
1330 3874 1381 3934 sed
1410 3876 1480 3935 milri
1503 3893 1663 3954 quorsom.

373 4039 381 4072 ¹
392 4037 417 4073 ··⁴
430 4039 525 4092 Mem
537 4057 626 4107 neque
640 4058 692 4107 ego
756 4040 953 4092 molestissime.
968 4047 1011 4092 est
1023 4047 1095 4093 tineis
1107 4046 1216 4094 inductio
1226 4044 1257 4094 ob
1270 4051 1374 4094 arietore
1387 4045 1494 4094 deletum
1506 4050 1603 4108 etpost

304 4126 426 4190 adposita
447 4129 566 4176 renuntia
587 4126 665 4176 verda
687 4126 805 4176 maxime
822 4131 879 4175 turn
897 4142 961 4176 vero
985 4131 1036 4193 Iept
1056 4132 1118 4177 uelle
1142 4131 1278 4178 Huttenum
1294 4131 1450 4193 ripnificurre
1473 4130 1604 4178 adnotavit

304 4209 452 4269 Μῶα-λιιι,
475 4213 530 4278 qui,
553 4217 580 4260 ut
599 4215 664 4261 artie
683 4211 777 4261 Latine
799 4217 850 4261 tarn
867 4213 968 4276 tependi
991 4229 1063 4279 quam
1085 4214 1215 4264 scribendi
1227 4216 1304 4278 plane
1323 4215 1453 4277 imperitus
1473 4213 1537 4274 suit,
1559 4214 1604 4261 etta

302 4295 382 4346 verda
399 4299 571 4362 werpe-eterit
585 4310 643 4345 ecee
661 4311 710 4346 uon
724 4311 804 4360 posse
823 4311 873 4346 noo
889 4300 966 4347 eodem
985 4302 1040 4363 ipre
1056 4300 1144 4362 fosseis
1162 4306 1212 4352 ert.
1235 4299 1284 4347 sed
1297 4296 1417 4360 probante
1434 4299 1521 4353 etiam,
1550 4313 1604 4346 cum

302 4381 420 4432 adimet
434 4381 550 4444 sortem
567 4381 697 4446 tenendum
720 4395 776 4431 esse
799 4379 947 4442 resultare,
974 4384 1095 4433 studium
1118 4385 1180 4433 fnit.
1222 4384 1315 4443 Quare
1340 4381 1425 4430 etiam
1452 4379 1548 4440 uelde,
1572 4386 1604 4432 ut

302 4466 450 4532 accepturi
468 4481 502 4516 ee
520 4466 586 4517 istic
604 4466 679 4528 sitis,
705 4480 768 4516 cnm
786 4465 853 4530 quia
876 4466 938 4516 odio
962 4482 1067 4518 suornm»
1091 4473 1135 4518 eet
1155 4464 1346 4517 huiuscemodi
1369 4469 1602 4531 argumentorum,

302 4553 361 4600 tum
380 4565 447 4602 rero
481 4567 540 4617 quoe
555 4551 610 4601 eine
627 4565 703 4601 tenni
721 4565 777 4601 cese
793 4557 894 4616 prreter
911 4552 1055 4602 Murredium
1073 4569 1142 4603 nenio
1161 4569 1211 4600 oon
1229 4552 1328 4600 uideret.
1384 4548 1395 4581 ⁰
1414 4549 1534 4615 epistole
1551 4567 1598 4600 om.

304 4631 354 4684 ³⁸.
403 4635 425 4668 ¹⁰
447 4635 528 4687 libris
546 4635 589 4686 rui
606 4639 685 4699 tunc,
712 4649 803 4701 neque
823 4635 864 4684 fui
883 4650 957 4699 q....
977 4637 1082 4694 (ticam,
1115 4652 1249 4700 nusquam
1268 4634 1437 4686 essemtff.
1486 4633 1507 4668 ¹⁴
1526 4652 1600 4700 eree,

303 4719 449 4770 literarum
461 4719 562 4771 studiis
574 4720 686 4772 minime
699 4721 762 4772 obn.
778 4717 826 4769 ³¹¹.
887 4717 908 4751 ¹⁵
926 4719 1003 4784 leget
1015 4719 1074 4785 (pro
1086 4722 1203 4780 videbit)
1218 4719 1266 4772 3¹¹.
1337 4721 1357 4753 ¹⁷
1376 4738 1457 4788 quam
1475 4722 1509 4772 de
1528 4721 1601 4773 aliie.

303 4802 353 4856 ³¹.
388 4803 655 4871 pronchrtuestfl.
709 4805 730 4839 ¹⁹
748 4806 894 4873 quodcum
908 4804 1428 4878 anno...loeomoriseet....legIsset
1447 4823 1507 4857 enm
1526 4824 1601 4859 ιι....

303 4889 437 4941 Cooeessi
455 4889 575 4941 hominio
593 4891 787 4957 impudentiae,
808 4895 836 4942 et
856 4889 904 4941 3⁸.
966 4891 988 4924 ²⁰
1006 4891 1127 4956 nunquid
1146 4892 1180 4943 Α.
1233 4889 1255 4923 ²³
1273 4907 1324 4942 suu
1344 4909 1404 4944 curn
1417 4897 1442 4943 2.
1452 4895 1477 4942 3.
1531 4894 1603 4945 deri-

302 4975 400 5026 deri&
470 4973 494 5008 ¹⁸
511 4979 663 5028 voouett.
687 4992 749 5028 vec.
762 4993 779 5028 ιι
790 4981 824 5026 st.
840 4973 889 5026 3¹¹.
963 4976 987 5010 ³⁰
1005 4993 1049 5043 op.
1063 4978 1113 5028 int.
1126 4993 1174 5028 om.
1187 4979 1221 5028 Α.
1229 4980 1254 5026 2.
