3917 5950
297 630 371 707 ⁴120
408 644 512 701 CXCV.
532 663 558 698 a,
572 659 675 699 rnauci
689 658 725 699 ab
739 661 851 699 emona.
863 662 905 698 nr.
926 643 1045 700 CXCVI.
1060 660 1143 701 nvrtt.
1156 661 1193 700 an
1206 661 1320 703 sennar.
1331 664 1375 701 er.
1387 661 1415 702 n.
1428 655 1522 703 λοστ.
1538 660 1596 703 tato.

296 842 401 881 merum
422 823 554 880 medicum
572 823 719 882 venissem.
745 832 773 878 et
797 821 842 879 ille
866 823 893 878 in
912 821 1030 880 oraculis
1055 824 1141 880 turbae
1160 823 1419 883 valctualiuariorum
1441 829 1597 902 promendis

297 909 455 982 occupatior
474 909 525 962 arrei
547 908 679 962 rationem
698 924 753 962 uon
776 908 918 963 admodum
942 908 1067 972 liaberet,
1097 909 1174 964 inieci
1199 928 1306 966 manum
1335 911 1425 966 literis
1446 913 1597 967 llnttenicis

297 1003 325 1050 et
347 993 463 1048 aliorum
485 993 634 1047 Germanias
657 990 808 1047 nobilitatis
829 1010 972 1066 procerum
992 994 1024 1048 ad
1047 1011 1133 1057 eum„
1153 994 1251 1067 quibus
1281 995 1404 1068 legendis
1433 996 1597 1053 oblectarem

297 1097 355 1139 me,
376 1079 462 1133 donee
483 1076 626 1132 rivolestunr
645 1076 832 1133 consultorum
853 1095 949 1149 agmen
973 1077 1146 1150 prolligasset
1166 1078 1237 1150 (narn
1257 1089 1362 1134 tautum
1381 1082 1511 1155 usurpavi
1534 1082 1597 1137 mibi

298 1163 368 1236 apml
391 1161 467 1217 illum
490 1179 539 1234 pro
559 1161 616 1216 iure
638 1161 789 1232 amicitiae).
819 1170 876 1217 tum
898 1163 969 1217 inter
991 1162 1135 1218 fasciculos
1157 1165 1224 1218 alnas
1248 1165 1356 1237 repperi
1377 1165 1512 1239 epistolas
1530 1166 1616 1221 bones

297 1247 409 1319 longas,
435 1246 482 1300 sed
505 1245 572 1301 bene
593 1246 773 1307 Christianus.
804 1247 850 1301 sed
872 1248 979 1307 doctas,
1005 1247 1086 1303 etiam
1109 1248 1218 1303 iuterim
1248 1248 1319 1304 lectn
1341 1250 1488 1311 iucundas,
1519 1268 1597 1305 unam

297 1332 356 1387 eius
380 1330 466 1404 ipsius
489 1331 636 1393 Stromcri;
672 1329 785 1385 alteram
805 1331 929 1403 Gregorii
951 1331 1050 1405 coppi,
1078 1332 1198 1388 ciusdem
1227 1342 1342 1389 monetae
1371 1335 1460 1391 amici.
1506 1336 1597 1389 avidus

298 1424 433 1489 utrunque
455 1414 508 1488 legi
532 1456 1021 1470 .....................
1066 1416 1148 1472 Unice
1171 1418 1275 1490 gaudeo
1296 1417 1447 1475 lluttcnnm
1467 1418 1547 1476 nobis
1566 1436 1596 1473 ev

298 1499 441 1556 llrabantia
458 1500 584 1554 reducem
604 1507 685 1572 atque
706 1498 823 1563 salvum;
853 1500 1022 1556 familiaritas
1042 1501 1113 1556 iuter
1132 1518 1182 1556 nos
1206 1519 1293 1576 nuper
1317 1520 1368 1576 per
1390 1503 1487 1560 literas
1507 1504 1596 1558 admo·

298 1586 430 1661 domest.
475 1585 547 1657 quiid
571 1585 594 1639 si
617 1584 759 1657 scripseris
780 1585 895 1647 honuni.
927 1603 995 1658 rogo
1023 1595 1049 1640 tc
1077 1602 1127 1658 per
1153 1604 1247 1642 omnes
1275 1588 1391 1660 gratias,
1423 1589 1513 1644 nostri
1541 1599 1626 1642 meto

298 1670 384 1725 moria
404 1669 513 1725 eiusde
532 1686 574 1723 me
595 1668 749 1741 opinionem
773 1686 887 1741 augeas:
918 1671 956 1725 sic
976 1670 1048 1725 enim
1070 1661 1131 1731 fiet.
1154 1680 1184 1726 ut
1205 1670 1311 1727 lucilius
1327 1690 1370 1727 mc
1386 1681 1476 1728 totuin
1493 1675 1520 1727 in
1536 1673 1597 1726 arui·

298 1755 389 1810 citiam
416 1753 543 1826 recipiat:
574 1771 635 1808 narn
660 1771 712 1826 ego
741 1753 814 1808 illius
838 1771 929 1809 amore
958 1754 1009 1809 iam
1039 1754 1124 1810 multo
1151 1756 1229 1829 prius
1256 1765 1353 1830 captus
1375 1757 1450 1832 adeo⁸
1466 1775 1541 1817 sum,
1569 1765 1596 1810 nt

299 1840 380 1894 etiam
404 1848 462 1893 toto
484 1845 595 1910 pectore
614 1838 720 1911 cupiam
739 1856 860 1912 praesens
881 1839 971 1894 videre
997 1856 1042 1895 vas
1065 1838 1130 1896 illud
1153 1839 1250 1900 fictile.
1278 1840 1306 1894 in
1328 1860 1382 1915 quo
1414 1851 1508 1897 tantus
1531 1841 1595 1896 tanti
1659 1876 1665 1895 1

300 1923 380 1980 animi
404 1923 548 1979 thesaurus
571 1921 668 1983 lateat,
695 1923 802 1978 etiamsi
831 1922 932 1996 optima
957 1924 1017 1979 eius
1042 1941 1106 1998 pars
1133 1925 1161 1979 iu
1190 1925 1270 1980 editis
1298 1924 1376 1980 libris
1398 1932 1543 2000 appareat.
1570 1933 1595 1979 et

300 2008 436 2069 Stromer.
460 2015 490 2062 ut
511 2015 553 2062 cst
574 2007 796 2083 iucundissimus.
824 2025 912 2082 nuper
932 2009 1010 2063 annic
1032 2008 1097 2063 mibi
1121 2010 1254 2083 quaerenti
1280 2010 1380 2064 illustri
1404 2011 1522 2083 quodam
1541 2021 1623 2064 ser-u

300 2110 379 2148 arrone
402 2101 490 2148 totum
508 2092 656 2147 llnttenum
675 2091 859 2148 delineaverit.
890 2093 990 2148 lterum
1008 2090 1074 2149 vale.
1105 2094 1204 2167 Lipsiae
1221 2097 1299 2150 Anno
1314 2094 1451 2150 dominico
1469 2094 1593 2148 bilbili.

301 2176 470 2251 Septembris
492 2177 566 2231 xvu.

258 2510 262 2517 ⁴
632 2434 635 2438 ·
802 2423 1090 2503 CLXXXXVI.

716 2631 720 2634 -
758 2596 940 2677 [uanrmvs
961 2597 1149 2678 cratianus]

662 2718 898 2759 nnvmrrssruo
920 2719 961 2758 nr
984 2719 1131 2761 nanneno
1154 2719 1231 2760 v1no

640 2797 828 2849 MAGISTRO
859 2799 1025 2849 GEORGIO
1056 2800 1258 2850 SPALATINO

723 2904 743 2942 A
778 2903 891 2944 SACRIS
926 2903 1178 2945 PlthCIPALlBVS

753 2988 814 3030 SVO
831 2990 864 3030 IN
881 2990 1009 3031 DOMINO
1025 2990 1149 3030 MAIORI.

883 3117 1017 3165 lHESVS.
1038 3187 1042 3194 Ι

388 3225 515 3281 Salutem.
560 3225 657 3281 llultas
680 3244 713 3281 ca
738 3235 764 3281 te
785 3227 878 3282 literas
897 3227 1002 3301 accepi,
1024 3226 1059 3282 mi
1083 3226 1232 3300 Spalatine,
1263 3227 1402 3301 mirorque
1427 3228 1546 3283 noudum
1567 3226 1622 3281 adu

304 3321 330 3366 te
352 3311 591 3384 pervenissemus,
614 3310 712 3384 quibus
731 3311 860 3385 respondi
880 3312 934 3368 tuis
952 3329 984 3366 ev
1006 3311 1113 3367 Butstet
1132 3313 1203 3367 datis
1220 3354 1594 3367 ................

304 3437 432 3449 ......
443 3409 455 3449 ’.
474 3438 481 3450 .
500 3439 531 3449 ..
576 3396 647 3451 Nova
676 3397 746 3468 apud
775 3413 824 3451 uos
846 3395 933 3457 nulla,
962 3396 1015 3451 nisi
1041 3395 1142 3451 bellum
1161 3398 1329 3452 Prussinum.
1374 3396 1527 3470 Episcopus
1548 3397 1596 3451 llo·

303 3481 434 3552 guntinus
456 3478 565 3537 libellos
584 3480 694 3535 llntteui
717 3481 807 3553 etqui
826 3490 920 3535 contra
938 3499 1035 3554 papam
1051 3481 1116 3537 editi
1133 3480 1239 3555 publice
1258 3482 1365 3537 inavrdat
1384 3481 1516 3541 inbiberi,
1540 3499 1596 3555 pro·

208 3606 212 3612 .
303 3572 447 3619 vocaturus
470 3563 569 3619 vitalum
591 3565 618 3619 in
641 3575 722 3637 caput
741 3583 828 3620 suurn.
873 3564 1008 3620 lluttenus
1031 3566 1134 3638 ingenti
1155 3566 1254 3638 spiritu
1276 3566 1428 3638 accingitur
1456 3566 1482 3620 in
1507 3567 1596 3621 lloma·

303 3666 367 3704 num
388 3648 543 3721 pontificem
565 3650 648 3705 armis
670 3644 702 3705 ct'
720 3650 829 3721 ingenio
851 3666 909 3704 rem
932 3657 1048 3705 tentans.
1087 3650 1220 3705 Adrianus
1236 3660 1330 3706 noster
1351 3651 1446 3707 nescio
1462 3668 1515 3724 qua
1531 3650 1625 3705 turtio

303 3741 398 3805 raptus
421 3733 448 3787 in
471 3751 512 3788 me
535 3732 654 3806 gravitir
675 3734 790 3795 insanit,
823 3734 894 3789 iorte
916 3734 1084 3789 occasionem
1106 3751 1231 3807 quaerens
1253 3734 1416 3790 discedendi.
1464 3734 1531 3789 nihil
1555 3735 1597 3788 bo·

304 3818 368 3873 mini
385 3818 452 3879 leri:
482 3817 627 3873 conciones
645 3836 718 3873 meas
740 3815 902 3880 insectatur,
924 3826 1036 3891 paratus
1059 3836 1101 3873 me
1118 3820 1216 3874 docere
1232 3816 1415 3892 evangelium.
1437 3820 1483 3892 qari
1501 3819 1597 3874 bloisen

303 3919 382 3957 suarm
405 3920 458 3957 non
483 3902 620 3975 intelligit.
665 3904 736 3958 varie
760 3903 971 3976 interpretamur
990 3902 1050 3958 eius
1073 3904 1221 3967 vesaniam;
1253 3904 1301 3960 scd
1325 3904 1397 3964 sine,
1419 3913 1530 3977 tempus
1546 3903 1598 3958 baec

303 3985 441 4043 revelabit.
486 3986 549 4044 Vale
572 3988 599 4043 iu
620 3988 740 4044 nomino.
787 3987 882 4061 Vigilia
906 3986 1051 4044 Francisci.
1096 3989 1173 4042 Anno
1195 3988 1320 4043 Anax.

1005 4070 1136 4128 llartinus
1155 4073 1290 4130 Lutlacrus
1308 4072 1314 4144 Ι
1332 4076 1450 4146 August.
1605 4074 1626 4113 ³⁵

306 4254 504 4304 CLXXXXVI.
535 4254 601 4303 1=
618 4254 734 4303 Lutlreri
753 4254 822 4317 Epp.
842 4253 912 4315 (Ind.
925 4253 994 4303 bibl.
1008 4270 1035 4303 n.
1049 4253 1126 4317 57,1.)
1145 4254 1167 4304 1.
1187 4253 1235 4303 fol.
1254 4251 1312 4302 284.
1365 4254 1435 4301 2:
1454 4252 1522 4302 ibid.
1537 4252 1597 4310 57,t.

338 4338 360 4386 I.
375 4356 399 4402 p.
413 4338 471 4387 llll.
486 4354 525 4403 sq.
540 4355 565 4387 n.
580 4354 659 4388 ccnx.
679 4337 856 4397 (Germanice
875 4339 903 4386 ln
916 4338 1028 4390 Lutlrcra
1045 4337 1178 4399 Schriften
1195 4356 1218 4387 v.
1242 4338 1342 4387 Wolcd.
1355 4337 1414 4385 XV.
1429 4337 1498 4386 And.
1513 4338 1568 4397 xa.)

372 4475 544 4525 ²littcris3.
596 4475 767 4526 'cinnamis
782 4477 844 4526 2.3.
892 4474 1078 4544 ⁸utramq;3.
1116 4471 1247 4540 ex]cx3.
1300 4472 1479 4524 ‘litteratae
1503 4475 1599 4523 Earum

304 4559 374 4606 nibil
393 4567 528 4624 superest.
566 4560 586 4592 Ν
606 4558 698 4625 editis]
719 4562 852 4611 eiusm.
889 4558 910 4592 ¹⁵
929 4562 1055 4624 querenti
1068 4562 1128 4611 edd.
1165 4559 1186 4593 ¹⁸
1204 4558 1382 4611 deliniaverit
1400 4559 1460 4608 edd.
1498 4557 1520 4590 ¹*
1538 4557 1598 4621 Sep·

305 4643 418 4691 tembris
430 4645 472 4693 27.
486 4648 512 4693 2.

371 4725 393 4757 ²⁸
411 4729 535 4779 Buttstet
553 4733 579 4778 2.
636 4727 659 4760 ²⁷
677 4728 721 4778 Cf.
735 4744 818 4793 supra
837 4745 863 4792 p.
876 4727 1034 4787 3bl.§7ct
1051 4744 1078 4777 n.
1092 4727 1269 4778 CLXXXIII.
1283 4741 1341 4791 sqq.
1412 4723 1436 4758 ³⁰
1453 4724 1598 4775 Mattheus

304 4809 441 4859 Adrianus
460 4814 645 4862 Lovanicnsis
662 4813 810 4872 Hebraeus,
831 4813 945 4861 natione
963 4812 1115 4877 Hispanus.
1135 4812 1178 4862 Cf.
1192 4811 1275 4862 Lutb.
1295 4811 1330 4860 nd
1342 4809 1421 4876 Spol.
1435 4825 1498 4876 epp.
1511 4810 1527 4858 2
1539 4809 1563 4859 d.
1576 4810 1597 4857 7.

304 4893 373 4942 Nov.
389 4892 462 4945 1519.
477 4903 505 4945 et
517 4895 688 4947 Melanchth.
703 4898 738 4947 ad
751 4897 789 4946 Io.
804 4898 885 4947 Hess.
899 4896 925 4946 d.
939 4896 964 4944 7.
977 4896 1043 4961 Apr.
1058 4894 1134 4945 1⁸20.
1153 4897 1282 4961 Poppens
1294 4893 1368 4945 Bibl.
1382 4894 1462 4961 Belg.
1476 4911 1503 4960 p.
1516 4893 1572 4943 uon.

760 5011 1152 5031 -ψ
