3917 5950
504 652 585 708 CLX.
605 668 689 708 caorr
702 667 820 707 ιιιιιιιιιι
833 666 870 704 ιιι
882 665 1030 704 nomnen
1043 665 1194 705 ινιιιιιιιιιι
1207 665 1250 702 ιι.
1265 664 1293 702 n.
1304 658 1339 703 rs.
1352 662 1416 701 ιιι.
1431 658 1490 700 tneo.
1563 630 1640 706 339

342 833 484 888 bacionem
506 829 689 888 accusaeionis
711 836 903 903 praecurrente.
949 845 1004 902 qno
1028 828 1082 883 ritu
1103 844 1175 883 nunc
1197 845 1298 883 onnsso
1325 839 1372 882 aut
1401 846 1506 900 ignavia
1533 847 1641 885 scensa-

343 918 432 980 bitur
458 925 506 972 aut
531 913 688 989 imprudens
711 913 815 969 malicia
836 913 970 1007 prodetur
990 913 1097 968 ιιιιιιιιΙιι.
1141 930 1225 986 porro
1247 912 1269 966 si
1291 911 1358 966 nibil
1380 912 1482 968 habent
1501 913 1640 969 dilfidnnt·
1650 899 1707 948 §ww

342 1019 395 1076 que
418 1002 477 1057 suis
501 999 618 1061 iuribus,
650 999 749 1055 indicio
769 999 888 1053 omniurn
910 998 1054 1053 damnatus
1076 1014 1105 1052 es
1134 1005 1162 1052 tu
1185 1014 1239 1051 rum
1261 996 1461 1059 doctrinaliter,
1489 999 1535 1053 sed
1556 999 1640 1054 Lora·

343 1085 467 1148 nialiter.
495 1084 720 1159 quemadmodum
750 1091 778 1138 ct
804 1076 897 1138 multis
925 1082 1052 1137 innititur
1078 1081 1214 1154 pontilicis
1237 1081 1338 1137 tulmen
1357 1081 1554 1145 Romanaliter‚
1583 1101 1638 1139 nou

320 1170 578 1227 ⁵Cbristionaliter:
610 1177 675 1224 sunt
693 1169 765 1223 enim
789 1168 865 1224 novis
886 1166 1026 1222 erroribus
1048 1184 1114 1221 nova
1138 1165 1314 1238 confingenda
1342 1167 1477 1222 vocabula.
1523 1169 1566 1223 sin
1584 1172 1707 1224 nont-tt.

342 1256 514 1330 seripserunt
536 1253 660 1327 aliquod,
688 1261 816 1326 premunt
842 1261 931 1307 tamen
953 1261 1068 1324 propter
1089 1269 1150 1306 eum
1174 1269 1253 1324 quern
1276 1260 1418 1325 expectant
1446 1270 1575 1309 sonorum
1598 1272 1641 1309 as-

341 1357 468 1402 sensum.
499 1358 554 1414 quo
582 1337 662 1394 simul
690 1347 857 1412 proruentes
881 1336 1053 1392 multitudine
1076 1345 1102 1391 te
1126 1337 1294 1408 opprimant,
1327 1354 1380 1410 quo
1401 1338 1515 1394 consilio
1535 1339 1640 1395 turb-in

342 1423 418 1480 ltalia
439 1433 496 1480 turn
520 1425 548 1479 in
565 1423 706 1478 Germania
729 1423 844 1478 multum
867 1421 1023 1480 laboratur.
1047 1422 1144 1475 iterum
1168 1420 1193 1475 in
1217 1438 1245 1475 se
1267 1420 1302 1476 ob
1324 1438 1425 1476 moram
1443 1425 1640 1481 conlutacionis

341 1508 434 1564 odium
455 1507 654 1568 consiliabunt.
686 1509 758 1581 qnod
780 1507 880 1563 audent
904 1505 1086 1560 Christianum
1109 1505 1245 1560 bominem
1272 1504 1379 1578 publicu
1407 1507 1534 1564 (damnare
1558 1528 1637 1565 causa

311 1603 334 1642 ¹⁰
343 1611 398 1649 non
421 1593 529 1667 publice
552 1592 675 1667 probata.
718 1593 813 1648 Potest
833 1590 917 1656 eciam
940 1590 1013 1651 beri,
1042 1598 1072 1645 nt
1094 1589 1160 1645 socii
1183 1597 1285 1645 mutata
1311 1592 1446 1647 sententia
1474 1593 1563 1649 nolint
1589 1596 1706 1654 ‹lo-§.rs

341 1678 451 1734 ctrinali
474 1677 643 1735 damnacioni
663 1675 847 1737 subscribere.
875 1674 957 1729 veluti
982 1692 1077 1730 rumor
1099 1674 1132 1729 de
1154 1673 1373 1731 Erllurdensibns
1398 1677 1501 1733 nostris
1524 1679 1639 1735 circum·

342 1763 440 1818 lemur.
485 1763 600 1836 llorpius
622 1769 696 1818 recte
718 1762 788 1835 apud
811 1760 991 1815 lovanienses
1020 1773 1160 1814 assensum
1184 1776 1262 1813 suum
1283 1760 1420 1821 cohibuit,
1448 1762 1525 1818 cuius
1546 1774 1637 1820 ancto-

341 1848 410 1902 ritas
432 1847 495 1921 plus
516 1846 614 1902 valebit
635 1845 706 1920 apud
726 1846 848 1901 eruditos
867 1862 947 1918 quarn
970 1843 1160 1899 tocius-scote.
1182 1843 1316 1899 iudicium.
1351 1845 1401 1900 Sed
1418 1847 1525 1902 utinam
1549 1850 1637 1906 minus
1648 1859 1666 1908 t.
1675 1862 1706 1907 to.

341 1931 511 1987 insanientes
539 1931 683 2004 aliquando
711 1931 838 1990 ederent,
868 1946 922 2002 qno
951 1929 978 1983 in
1006 1928 1133 2001 praesidio
1164 1928 1306 2002 scripturae
1336 1929 1446 1985 frivolas
1471 1926 1558 2004 ringis
1581 1944 1639 1991 tan·

311 2027 333 2065 ¹1·
344 2033 426 2090 quarn
453 2034 499 2072 vas
521 2015 596 2088 figuli
617 2015 805 2086 confringeres
827 2032 858 2070 nc
880 2013 1014 2084 insignem
1036 2012 1182 2067 stulticiam
1205 2011 1295 2084 gladio
1317 2014 1430 2086 spiritus
1453 2019 1539 2072 sancti
1562 2019 1639 2092 ingu-

341 2099 424 2155 lares.
455 2118 521 2157 ·non
549 2100 621 2156 enim
646 2099 694 2155 tibi
717 2100 771 2155 erit
793 2115 888 2171 magua
911 2098 938 2151 in
957 2098 1009 2153 lioc
1027 2097 1140 2169 negocio
1159 2096 1316 2159 difficultas,
1340 2099 1474 2173 simulque
1493 2110 1524 2156 ut
1545 2106 1640 2179 appin-

341 2202 424 2257 geres
445 2203 521 2241 suam
545 2184 726 2240 reverenciam
745 2182 970 2239 reverendissimo
993 2180 1126 2238 cardinali
1149 2182 1320 2243 bertusensi.
1352 2200 1431 2257 quem
1454 2185 1506 2240 sibi
1527 2188 1638 2262 dignum

340 2268 521 2364 cqopernlum
545 2286 707 2342 caseumque
734 2269 806 2324 cnsci
837 2269 1011 2329 invenerunt,
1047 2255 1154 2322 οὑτωσὶ
1183 2255 1382 2341 σπερμολόγος
1408 2259 1502 2337 δειλός
1530 2290 1560 2327 τε
1588 2269 1639 2330 καὶ

340 2341 509 2423 ουτιδανός.
554 2354 602 2409 Ubi
624 2352 711 2409 voluit
732 2354 899 2409 maiestatem
918 2351 1038 2408 ecclesiae
1061 2352 1159 2408 rrirrndo
1181 2353 1332 2414 ostendere,
1353 2355 1392 2409 sic
1416 2353 1421 2426 Ι
1446 2354 1485 2410 Ιιι-
1500 2350 1507 2435 Ι
1521 2362 1569 2423 fot.
1585 2362 1636 2414 16⁸.
1648 2371 1706 2420 §.m

306 2439 451 2513 oquitur,
477 2457 539 2495 cum
562 2439 694 2494 modestia
715 2438 781 2493 mire
803 2455 857 2493 non
880 2436 1030 2494 intellecta:
1062 2438 1152 2492 lliror
1173 2436 1249 2493 valde
1271 2438 1342 2511 quod
1366 2438 1448 2495 bomo
1474 2449 1528 2497 tam
1554 2446 1638 2500 mani·

342 2525 412 2580 leste
434 2533 544 2598 tamque
565 2523 742 2596 pertinaciter
762 2523 789 2577 in
808 2523 858 2577 [lde
881 2540 976 2578 errans
993 2531 1021 2578 et
1043 2540 1106 2577 suas
1126 2522 1244 2578 haereses
1262 2523 1334 2577 omni
1355 2541 1462 2598 quaque
1483 2526 1636 2586 diffundens

342 2608 453 2703 impune
477 2625 570 2664 errare
594 2617 622 2663 et
643 2607 741 2665 alios
735 2626 762 2663 ιιι
781 2607 1029 2701 perniciosissimos
1048 2625 1157 2662 errores
1181 2608 1250 2662 trabi
1274 2608 1389 2664 sinitur'.
1434 2597 1541 2667 Dixerat
1562 2615 1666 2686 priust.
1673 2628 1705 2671 ιι

341 2693 402 2767 pari
423 2693 556 2749 modestia
580 2691 654 2748 Vide
678 2709 786 2748 errores
803 2692 930 2752 Lntlreri.
955 2693 1005 2766 qui
1022 2710 1085 2747 sane
1107 2701 1160 2747 tam
1183 2691 1331 2766 palpabiles
1354 2689 1471 2750 haereses
1493 2696 1558 2752 milii
1580 2717 1636 2772 prm

341 2795 371 2833 se
393 2779 466 2834 lerre
486 2779 625 2839 videntur.
655 2787 687 2833 nt
708 2795 741 2833 ne
762 2777 912 2850 discipulus
935 2778 1043 2851 quidem
1067 2776 1264 2849 theologicae
1287 2778 1373 2850 prima
1402 2780 1461 2835 eins
1484 2780 1576 2838 limina
1597 2785 1637 2839 in·

305 2874 457 2935 engressus
479 2863 515 2919 ita
536 2862 591 2918 labi
612 2863 709 2918 merito
732 2862 884 2936 potuisset'.
928 2862 994 2929 duis
1014 2863 1085 2917 bunc
1107 2861 1359 2917 rcvercnclissiuuun
1379 2864 1406 2918 in
1427 2865 1535 2935 Gliristo
1554 2869 1705 2940 proli-§.re

341 2947 463 3004 tebitnr?
500 2956 547 3004 aut
568 2946 691 3021 galerum
718 2948 778 3003 eins
809 2947 919 3003 lirrribus
943 2947 1075 3002 nodosum
1102 2945 1142 3001 vel
1169 2964 1259 3021 syrma
1287 2946 1370 3020 longo
1400 2958 1488 3005 tractu
1516 2968 1530 3005 a
1557 2960 1636 3026 tergo

340 3032 416 3087 lrnmi
438 3050 552 3107 serpens
574 3033 764 3089 venerabitur?
800 3033 861 3106 quis
884 3032 957 3088 ultro
977 3030 1151 3087 currentibus
1173 3041 1254 3104 atque
1276 3050 1326 3105 per
1349 3050 1378 3086 sc
1406 3034 1559 3091 furentibus
1581 3038 1636 3093 cal-

339 3118 413 3173 caria
442 3118 562 3174 addidit?
600 3117 632 3172 Et
658 3135 718 3174 curn
746 3119 773 3173 in
804 3125 860 3173 tota
885 3116 1000 3190 epistola
1027 3117 1063 3172 sit
1083 3116 1225 3175 sordidus,
1249 3115 1354 3179 illotus,
1379 3117 1534 3191 impudens,
1560 3119 1704 3185 levisnec.

341 3202 404 3257 inde
427 3210 516 3258 tarrien
540 3203 621 3258 llores
645 3201 740 3275 legunt
758 3201 880 3275 Magistri
905 3203 993 3258 nostri
1016 3202 1114 3273 dignos
1136 3201 1247 3256 naribus
1270 3202 1434 3275 sophisticis.
1479 3204 1537 3259 lunc
1559 3208 1635 3280 eqni·

305 3286 402 3342 :todem
432 3286 484 3342 sibi
514 3287 727 3349 accommodant,
754 3287 809 3342 >nisi
837 3286 870 3342 ab
896 3286 950 3342 illis
978 3286 1120 3360 acceperit.
1165 3294 1192 3340 et
1214 3303 1246 3340 ex
1267 3286 1318 3343 boc
1339 3287 1452 3342 riiaximo
1477 3289 1634 3347 luereticum

340 3390 370 3427 se
392 3372 505 3445 probat,
531 3372 603 3446 quod
633 3382 757 3445 paratum
787 3390 816 3426 se
843 3372 988 3445 profitetur
1017 3373 1107 3443 ignom
1135 3380 1163 3426 et
1192 3380 1307 3427 mortem
1332 3389 1383 3444 pro
1404 3371 1458 3429 illis
1480 3374 1586 3438 subire,
1608 3385 1646 3433 et⁴

340 3473 449 3512 omnem
471 3467 566 3513 contra
590 3458 740 3531 sapientem
762 3456 920 3512 lueretienrn
943 3474 1012 3511 esse.
1056 3454 1155 3511 llnltos
1176 3455 1274 3518 babes,
1293 3456 1419 3520 Martius,
1442 3460 1532 3516 socios
1555 3461 1582 3517 in
1605 3480 1635 3518 ea
1649 3476 1706 3527 §.at

341 3541 455 3603 haeresi,
476 3549 505 3597 et
525 3541 548 3596 si
571 3531 690 3597 torcular
711 3541 787 3597 solus
808 3541 895 3597 calces
915 3558 1020 3603 verum,
1041 3557 1119 3614 quam
1142 3539 1220 3596 multi
1243 3540 1324 3596 velint
1347 3550 1434 3598 tecum
1457 3544 1547 3618 ignem
1573 3546 1636 3603 sub·

340 3626 395 3686 ire,
420 3634 489 3699 putu
512 3626 628 3700 pendere
646 3645 661 3681 a
679 3626 752 3682 dorm
770 3625 883 3682 caelesti.
928 3626 1072 3699 llispntcnt·
1086 3626 1156 3682 acuti
1176 3625 1299 3683 homines
1316 3628 1497 3703 damnantque
1516 3641 1546 3687 nt
1560 3630 1635 3694 libet.

304 3722 476 3784 asnusquam
501 3712 571 3784 apud
596 3728 637 3766 me
668 3712 694 3766 in
721 3710 831 3766 dubium
861 3711 1001 3766 vocabitur
1027 3709 1092 3783 quin
1115 3710 1202 3784 quivis
1225 3710 1379 3768 mortalium
1403 3713 1563 3777 iustiticatus
1586 3736 1636 3791 per

339 3793 418 3850 sulem
442 3813 580 3851 accessum
603 3795 699 3851 lrabeat
718 3797 750 3852 ad
772 3796 860 3851 denus
905 3794 1032 3850 Exultent
1055 3795 1106 3868 ipsi
1130 3814 1179 3850 suu
1201 3797 1400 3862 satisfactioue;
1430 3816 1480 3855 nos
1499 3801 1544 3857 nbi
1565 3804 1704 3864 lece-sn

338 3879 425 3935 rimus
446 3879 536 3936 omnia
552 3897 620 3954 qnae
638 3879 717 3936 nobis
735 3881 857 3936 errandum
877 3890 953 3941 sunt,
972 3881 1058 3936 adbuc
1078 3879 1187 3936 inutiles
1205 3881 1273 3936 servi
1291 3900 1397 3944 sumus,
1422 3885 1488 3940 nibil
1504 3887 1635 3943 babentes
1689 3879 1693 3887 ¹

338 3981 420 4038 quam
440 3965 513 4038 quod
535 3964 621 4038 gratis
641 3965 801 4038 accepimus.
846 3965 970 4039 placeant
989 3964 1040 4019 sibi
1064 3966 1150 4021 sancti
1172 3967 1221 4020 viri
1245 3985 1294 4023 suo
1317 3969 1415 4024 rnerito
1437 3979 1464 4025 et
1484 3974 1634 4028 mercedem

339 4066 389 4121 pro
409 4048 488 4105 lactis
511 4049 664 4123 postulent.
692 4049 743 4123 ipsi
771 4051 912 4105 credentes
940 4050 966 4105 in
994 4067 1054 4105 eum
1083 4051 1129 4124 qni
1157 4051 1270 4107 viviticat
1294 4053 1405 4126 irnpinm
1430 4072 1461 4109 cx
1488 4056 1552 4117 sule,
1579 4076 1634 4111 ιιιιι-

307 4132 413 4206 mplius
437 4142 465 4189 et
487 4153 501 4189 ιι
526 4151 607 4207 perna
627 4143 655 4190 et
677 4154 691 4190 ιι
712 4134 791 4207 culpa
808 4134 887 4190 liberi
910 4153 1012 4190 siranus.
1058 4145 1155 4190 nutent
1175 4136 1225 4209 ipsi
1250 4137 1276 4191 iu
1298 4136 1361 4198 sule,
1385 4156 1400 4192 ιι
1422 4140 1534 4195 rcurissa
1555 4140 1702 4213 culpatos.

339 4228 498 4291 proponunt
522 4218 574 4273 sibi
598 4218 704 4294 culpam
730 4237 777 4274 seu
801 4213 921 4292 prienam,
948 4237 1027 4292 qnam
1046 4238 1101 4275 non
1123 4219 1224 4292 lingum
1246 4231 1370 4281 centum,
1393 4240 1494 4295 oraque
1516 4233 1633 4286 centuni,

339 4302 427 4358 ferrea
446 4320 496 4358 vox
516 4304 650 4360 narrando
671 4304 779 4379 possint
795 4305 934 4378 consequi.
980 4305 1059 4359 nobis
1077 4303 1230 4367 obliviosis,
1253 4305 1352 4379 quibus
1371 4314 1445 4362 recta
1463 4302 1635 4386 ‹liderencial

407 4479 507 4549 ’stol
521 4483 566 4535 Cf
580 4486 654 4535 infre
666 4486 753 4535 Menu
766 4501 837 4551 resp
852 4486 888 4535 ad
900 4485 977 4534 Croti
992 4484 1101 4550 apolog.
1116 4484 1189 4533 ada
1206 4484 1278 4536 1532.
1292 4485 1361 4547 §17
1365 4502 1424 4552 sqq
1477 4486 1634 4540 ‘christio-

340 4565 454 4632 naliter]
475 4570 512 4619 t'ta
529 4571 586 4621 cod.
645 4568 665 4601 ¹¹
685 4570 718 4619 de
737 4571 804 4620 Era.
819 4587 845 4620 ιι
859 4567 995 4633 eircnml.]
1016 4585 1067 4617 nec
1086 4582 1173 4619 vanus
1191 4569 1239 4619 ille
1259 4571 1320 4619 luit.
1375 4570 1396 4602 ¹⁷
1414 4572 1496 4622 Card.
1510 4573 1633 4640 Demus]

338 4652 365 4700 ιἰι
382 4666 437 4717 neq.
451 4669 517 4703 aarno
536 4655 687 4704 Hadrianus
705 4656 759 4704 PP
777 4644 827 4705 VI.
898 4654 918 4686 ¹⁸
943 4645 1044 4704 οὑτωσὶ
1063 4669 1088 4702 κ.
1101 4668 1125 4701 τ.
1139 4649 1174 4716 2.]
1200 4654 1240 4703 ita
1257 4660 1376 4721 nugator
1398 4663 1441 4706 est
1465 4664 1494 4707 et
1517 4660 1635 4724 ignavus

339 4734 497 4801 nulliusque
510 4739 604 4804 pretii.
622 4741 657 4802 ef.
669 4743 782 4804 interpp.
796 4740 921 4789 adltiod.
938 4740 960 4788 l
975 4741 1038 4788 293.
1058 4740 1151 4788 Graeca
1168 4741 1286 4789 mendose
1303 4743 1359 4790 cod.
1373 4742 1457 4791 dedet.
1509 4740 1635 4807 ²⁸eyrmo

338 4818 420 4885 louge
438 4824 496 4872 eod.
549 4822 572 4855 ⁸³
591 4823 635 4873 Cf
649 4824 732 4874 Isaiae
745 4823 885 4874 LXIII3.
938 4822 959 4855 ³⁹
977 4820 1100 4891 impium]
1120 4827 1275 4891 unpmeod.
1295 4826 1338 4875 Cf.
1352 4827 1431 4876 Paul.
1452 4844 1494 4892 ep.
1509 4828 1634 4879 ndllorn.

338 4904 385 4954 1v.
398 4905 423 4955 5.
487 4904 509 4938 ⁴¹
528 4912 683 4973 proponunt
700 4910 757 4958 cod
811 4907 931 4974 centnm]
950 4910 1033 4976 Verg.
1048 4910 1148 4976 Georg.
1163 4911 1198 4959 11
1211 4909 1253 4960 43.
1268 4911 1335 4962 Λιιιι.
1348 4912 1396 4961 VI
1409 4911 1469 4963 6¹25.
1521 4911 1636 4964 ⁴¹anatim

337 5002 390 5039 nee
409 4990 502 5041 ferrea
519 5006 545 5042 v.

1351 5078 1416 5140 22*
