3917 5950
393 636 516 688 XXXVI.
533 644 556 684 2.
568 649 633 686 ROB.
647 647 730 684 11:⁸81
743 645 899 683 ntsronsto
913 643 1044 680 nmina.
1058 644 1095 679 An
1109 643 1231 679 uvarum
1244 643 1335 678 lemn.
1348 642 1465 678 mmm.
1512 612 1576 684 121

444 808 523 867 Ecce
542 805 666 877 adsunt,
690 807 720 864 et
732 806 835 879 prima
853 803 972 862 alacres
994 804 1038 861 acl
1055 802 1164 879 mania
1187 800 1268 860 Galli

519 907 675 967 Tormenta
695 904 843 965 adiiciunt
862 906 1072 978 cumanumque
1090 909 1222 977 parant:

443 1011 535 1070 Porta
550 1008 614 1081 snit
631 1010 736 1084 positis
756 1007 870 1066 modice
888 1010 1011 1079 firmata
1030 1007 1143 1063 caturcis

377 1132 416 1173 us
514 1111 622 1171 Peraia
639 1104 790 1169 tormentis
809 1116 913 1183 sponte
931 1111 1037 1167 relicta
1056 1108 1182 1174 elacrem·

447 1212 511 1284 Qua
532 1215 600 1272 licet
620 1214 805 1285 irrumpunt,
825 1212 910 1269 duris
927 1210 1136 1285 catupbrattus
1153 1210 1183 1264 ia
1205 1209 1298 1266 armis

515 1314 594 1372 Pars
613 1313 746 1388 peditum
766 1318 876 1371 nostra
894 1315 1029 1370 maxima
1043 1314 1139 1385 qentis
1161 1316 1240 1382 erat,

444 1417 570 1491 Iamque
588 1415 765 1474 ridebantur
786 1419 844 1473 tato
860 1413 917 1472 sibi
936 1417 1054 1472 vincere
1074 1413 1189 1483 Marte,

378 1538 416 1578 rm
513 1517 639 1591 Iamque
658 1508 729 1588 fere
750 1518 865 1574 illuvies
886 1520 947 1573 tota
968 1522 1090 1589 recepta
1105 1512 1184 1585 ficit.-

444 1619 540 1694 Rupit
553 1620 591 1677 ab
608 1619 725 1678 insidiis
743 1617 824 1691 quod
843 1618 874 1676 in
895 1619 983 1676 istum
1004 1618 1140 1674 iussimus
1160 1630 1246 1674 usum

522 1718 642 1779 Talibus
660 1719 824 1795 hospitibus
838 1720 897 1778 tale
917 1719 994 1777 clare
1014 1718 1188 1792 bospitinm:

445 1821 535 1881 Hane
557 1829 585 1881 te
603 1820 690 1893 serre
711 1824 830 1896 stipem,
853 1823 937 1880 miles
959 1821 1121 1889 Germane,
1142 1821 1277 1897 decebat,

380 1940 416 1983 nu
515 1923 591 1982 Haec
611 1930 680 1982 eral
698 1923 800 1996 officio
817 1926 919 1996 qratia
942 1924 1035 1996 liqna
1053 1929 1110 1981 trra.

449 2025 528 2097 Quid
546 2025 682 2097 reseram
700 2031 845 2099 quantam
867 2026 1018 2084 ediderint
1037 2032 1181 2083 tormenta
1205 2019 1349 2081 ruinam?

520 2126 634 2186 Horret
653 2126 755 2186 adbuc
775 2128 892 2185 animus
913 2133 942 2186 et
962 2129 1127 2185 meminisse
1145 2142 1240 2198 praue
1255 2133 1313 2184 est:

447 2227 603 2290 Pellantur
626 2229 729 2289 Veneti
747 2228 876 2288 imbelles
899 2228 1035 2302 Gallique
1054 2231 1198 2300 minaces,

383 2346 420 2388 ns
519 2331 615 2391 Plura
634 2331 688 2391 sed
708 2332 827 2390 illorum
848 2331 932 2390 milia
950 2347 1030 2390 erasa
1048 2335 1184 2389 maneat:

333 2504 338 2515 Ι
448 2431 555 2492 Noster
577 2439 610 2491 at
630 2435 745 2491 interea
766 2435 883 2492 uictrici
900 2435 1051 2492 exercitus
1072 2433 1140 2491 urbi

523 2533 648 2593 Aclaenit
667 2541 696 2594 et
715 2536 841 2609 spolium
857 2536 1069 2609 relliquiasque
1088 2536 1166 2608 leqit.

454 2634 544 2706 Quem
563 2651 644 2695 necne
662 2652 731 2695 ecce
749 2638 807 2694 tuis
828 2638 966 2695 uictorem
989 2639 1087 2696 cernis
1109 2639 1138 2695 in
1162 2638 1237 2708 aris,

384 2754 420 2797 m
520 2736 582 2796 Pro
602 2742 643 2809 te,
663 2753 722 2812 pro
741 2739 846 2812 patria
866 2738 983 2797 Martia
1004 2746 1106 2797 castra
1126 2741 1223 2810 sequi,

449 2835 540 2912 Spem
559 2855 640 2898 nuuc
660 2841 774 2899 interea
796 2841 849 2900 tibi
868 2856 922 2899 nas
940 2841 1164 2914 promittimus,
1186 2845 1219 2897 ut
1238 2842 1277 2897 sit

524 2940 610 3011 (licoil
628 2943 726 3001 maius
747 2945 838 3002 multo
856 2944 1020 3017 polliceare
1042 2940 1109 3009 tibi·

454 3040 627 3102 littoream
647 3053 776 3117 quantas
794 3060 905 3118 prose
928 3045 1092 3103 Germania
1114 3044 1205 3114 uires,

386 3160 422 3200 ms
523 3142 597 3214 (leem
617 3151 708 3218 queat
725 3147 846 3204 inuictos
865 3147 979 3204 mittere
996 3148 1059 3203 sola
1082 3146 1188 3203 decess:

455 3243 594 3319 Unqarus
611 3246 729 3305 aceedit
744 3263 874 3322 puqnax
889 3264 1019 3321 acerque
1041 3245 1190 3305 Babemns

522 3345 562 3405 Et
580 3349 634 3421 qui
653 3354 739 3407 rasta
758 3349 853 3421 ferox
874 3365 952 3408 rura
976 3349 1105 3407 Polonus
1127 3355 1213 3416 arat·

351 3437 354 3444 ’
453 3447 546 3507 Ducet
567 3448 605 3507 ab
624 3449 748 3510 occiduo
769 3459 884 3509 turmas
903 3449 1059 3525 Hispanus
1077 3450 1182 3522 Ibero,

387 3568 423 3609 ra
521 3550 602 3608 Ficta
623 3566 709 3609 suam
730 3552 811 3610 nobis
833 3551 944 3625 Areqlia
965 3556 1058 3611 mittet
1076 3568 1172 3626 opem.
1278 3599 1283 3604 .
1339 3556 1347 3587 ³

451 3650 547 3724 Finqe
569 3667 626 3725 uqa
645 3668 704 3710 non
726 3654 836 3726 aliqum
854 3656 944 3724 vires,
966 3670 1025 3712 naa
1047 3656 1110 3712 cella
1130 3658 1292 3727 sequantur

524 3753 662 3827 Auxilia,
685 3752 827 3827 Aaqastoe
847 3755 1047 3815 destituantur
1067 3772 1150 3829 opes,

452 3852 524 3914 Sola
542 3863 638 3931 potest
665 3857 788 3917 Venetas
809 3858 1011 3930 tumidumque
1032 3860 1178 3933 repellere
1201 3855 1318 3915 Gallum

343 4032 349 4043 ἢ
386 3973 424 4016 us
522 3958 614 4017 Sueta
634 3958 687 4017 clia
707 3961 782 4018 tales
802 3961 919 4019 uincere
940 3962 1043 4017 nostra
1065 3960 1177 4018 clomccs.
1207 3979 1216 3998 τ

452 4057 493 4118 Et
507 4075 574 4118 mea
592 4074 652 4118 non
672 4076 732 4119 uno
747 4066 883 4120 contenta
904 4069 948 4121 est
969 4060 1091 4119 Austrio
1112 4077 1219 4135 raquo,

524 4160 626 4220 Mater
645 4167 675 4221 et
694 4164 857 4222 innumeris
878 4164 999 4238 reqibus
1021 4165 1075 4221 illa
1092 4162 1170 4235 suit:

452 4262 541 4323 Illius
561 4265 695 4337 aspicias
710 4267 834 4338 populis
850 4266 1025 4339 florentibus
1046 4264 1147 4336 urbes,

387 4383 424 4425 ess
525 4364 679 4427 Gallorum
700 4368 777 4425 vires
796 4367 912 4427 dixeris
930 4384 993 4427 esse
1015 4366 1098 4424 nibil

455 4464 519 4537 Occu
536 4468 600 4526 sola
628 4468 766 4528 l'enetum
784 4470 890 4529 uirtute
905 4471 1041 4544 potentia
1059 4466 1166 4538 fracto
1186 4474 1241 4538 cst,

523 4567 613 4628 Hanc
634 4568 688 4629 tibi
692 4615 699 4643 ,
721 4573 749 4629 si
769 4574 882 4643 noscis,
905 4572 1026 4629 niustria
1047 4571 1111 4628 sola
1131 4569 1222 4627 dcclii.

369 4785 402 4820 ὓ
419 4786 548 4838 cathenis
561 4790 623 4840 23.
692 4786 727 4821 ²⁵²
745 4789 945 4856 cataphractus
958 4794 984 4839 5.
1054 4787 1089 4820 ²⁰⁵
1107 4787 1246 4855 qdiderint
1259 4789 1318 4837 Η.
1388 4784 1423 4817 ’⁶⁸
1440 4785 1529 4835 millia
1542 4785 1599 4834 Li.

310 4867 339 4906 ὓ
352 4868 579 4942 rollinquiaqul.
644 4872 832 4940 reliquiasque
845 4878 870 4923 5.
886 4868 1090 4941 κατάφρακτος
1152 4872 1191 4938 qm
1209 4871 1359 4940 Hyspanus
1371 4875 1397 4922 2.
1464 4869 1496 4903 ²⁸⁴
1515 4871 1601 4920 Subla

311 4959 445 5025 mque
462 4958 511 5011 diu
522 4960 597 5012 vino.
610 4961 685 5010 3...5.
737 4959 770 4993 ²⁸⁹
783 4961 845 5023 Qua
858 4962 942 5010 toties
955 4962 1093 5012 venetum
1108 4961 1181 5010 3...5.
1586 4949 1590 4956 ’
