3917 5950
366 606 435 679 122
471 620 595 672 XXXVI.
614 628 635 670 t.
647 635 710 669 son.
723 633 805 668 auses
819 633 974 669 onerosam
988 633 1118 669 annum.
1131 634 1168 670 An
1181 635 1408 675 assumeres.
1424 638 1535 676 tram.

511 791 634 852 Rhenus
654 790 693 850 ab
714 788 852 850 Ausoniis
872 796 1016 865 quantum
1035 789 1119 865 fuqit
1138 789 1262 867 Alpibus
1282 799 1312 853 et
1331 795 1414 870 quod

444 915 483 956 nan
582 894 656 953 licea
678 895 756 952 inter
772 893 908 967 spacium
929 893 1045 952 claudit
1063 900 1219 968 utrumque
1238 911 1337 969 mare,

516 996 587 1056 Tam
609 998 669 1054 lote
688 995 821 1068 patrium
839 1010 964 1067 requam
984 1011 1171 1069 exercemus,
1191 1002 1221 1057 et
1238 999 1316 1057 illud

590 1098 649 1155 Vix
669 1099 757 1154 etiam
781 1095 915 1173 Odrysiis
935 1098 1075 1156 terminat
1094 1098 1289 1174 Ister'aqais.

515 1200 600 1260 Unde
620 1215 675 1259 nee
696 1197 825 1256 imbelles
845 1197 939 1256 Indos
959 1201 1094 1259 mollesve
1115 1199 1249 1273 Sabaeos,

443 1320 482 1361 nos
580 1301 641 1360 Nec
664 1300 787 1359 Persam
808 1300 923 1359 medias
945 1300 1080 1361 ducimus
1101 1304 1178 1363 inter
1193 1318 1280 1378 opes,-

510 1403 573 1464 Sed
591 1420 687 1477 penus
711 1417 783 1462 acre
800 1404 896 1461 nimum
912 1401 1058 1477 ferroque
1077 1404 1232 1464 ltorrentia
1253 1406 1313 1466 late
1421 1428 1427 1435 ¹

584 1506 724 1578 Aquino,
747 1520 806 1563 non
825 1506 926 1577 aliquo
946 1513 1030 1564 sueta
1048 1505 1147 1565 labore
1167 1509 1278 1580 premi,

512 1609 632 1668 Gentem
653 1609 752 1665 anenno
773 1605 919 1678 infracto,
939 1608 1102 1681 patientem
1119 1607 1225 1681 friqus
1245 1614 1407 1684 etesium,

442 1732 480 1773 ³00
583 1708 714 1783 Tamque
734 1709 810 1767 sitim
830 1696 922 1767 docta
938 1724 1028 1781 quam
1049 1711 1180 1770 tolerare
1197 1709 1328 1783 samem:

510 1811 567 1872 His
587 1828 641 1885 eqo
659 1817 700 1870 tot
715 1813 836 1885 populis
856 1809 974 1890 Gallum
993 1811 1153 1886 probibere
1174 1816 1318 1873 minacem

582 1913 684 1987 Deque
707 1920 756 1971 tao
768 1914 855 1987 potui
867 1915 998 1987 pellere,
1021 1921 1054 1971 ut
1074 1923 1159 1987 ante,
1177 1917 1262 1986 sinu,-

510 2018 654 2077 Fortunae
674 2016 813 2074 sederat
833 2015 999 2074 cedendum
1020 2018 1159 2089 temporis
1180 2017 1282 2091 buius,

442 2138 480 2180 sos
582 2118 676 2189 Quam
690 2133 770 2192 saepe
793 2118 915 2175 inuitam
931 2117 1091 2177 detinuisse
1110 2126 1209 2178 nocet:

455 2240 462 2261 =
509 2220 597 2280 Nune
616 2220 721 2279 endem
741 2223 874 2279 euentum
897 2221 1046 2279 meliorem
1065 2221 1191 2294 spondet
1209 2228 1238 2282 el
1257 2222 1349 2282 audet

581 2322 689 2382 Dicere
710 2320 839 2393 selecti
855 2323 1028 2395 paenituisse
1041 2324 1106 2403 sui.

509 2425 587 2483 Fata
607 2424 696 2482 datas
716 2439 799 2496 aque
819 2439 921 2483 rerum
941 2423 1131 2483 moderentur
1148 2425 1295 2498 babenas,

443 2547 481 2585 sos
582 2525 699 2584 Certum
719 2530 763 2583 est
777 2525 842 2583 -sive
863 2525 915 2583 tibi
934 2526 1053 2584 vincere
1073 2528 1134 2586 sine
1153 2529 1244 2586 mori:

517 2627 635 2687 Viribus
654 2628 775 2701 imperii
790 2628 903 2686 sociata
923 2628 1099 2686 resumimus
1118 2644 1206 2687 arma

580 2729 709 2788 ducturi
727 2731 756 2786 in
774 2730 850 2799 fines
864 2731 1003 2802 protinus
1023 2730 1075 2789 illa
1095 2734 1173 2802 tuos,

509 2833 603 2892 Arma
623 2846 678 2891 nec
699 2833 852 2905 antiquum
874 2837 986 2889 tuntum
1009 2832 1111 2890 visura
1134 2830 1319 2906 Tridentum,

440 2958 478 3001 sm
578 2934 672 2994 Arma
691 2950 749 3009 per
770 2933 898 3009 Alpinas
917 2936 1004 3007 lonqe
1025 2933 1144 2994 abitura
1160 2938 1251 2996 nives.

513 3038 585 3098 Tum
606 3054 702 3112 neque
718 3035 886 3109 foedisraqi
903 3052 1006 3095 uecors
1027 3039 1146 3096 insania
1166 3038 1247 3097 Galli

580 3140 720 3214 Euqanei
735 3140 852 3198 obsistet
873 3154 927 3197 nec
945 3138 1066 3198 domina
1087 3139 1141 3197 illa
1162 3141 1272 3208 moris,-

506 3244 571 3305 Non
594 3245 722 3316 aliquem
742 3241 824 3300 dices
846 3239 1037 3299 Fridericum
1059 3242 1220 3301 animosius
1236 3244 1307 3314 isse,

440 3367 478 3408 sm
578 3344 730 3419 Europam
753 3348 841 3416 alque
862 3341 965 3401 Asiam
983 3340 1114 3416 freperit
1134 3344 1184 3403 ille
1202 3345 1286 3413 licet‚·

512 3446 583 3506 Tum
604 3446 679 3505 mibi
697 3444 892 3519 retropendos
912 3444 1068 3503 Florentia
1089 3447 1215 3520 pinqere
1235 3463 1362 3507 cancros
1462 3457 1468 3470 ·

579 3548 696 3606 Audeat
716 3553 745 3607 et
765 3549 850 3607 claro
869 3533 922 3605 sub
943 3545 1013 3605 Ioue
1029 3545 1118 3618 serre
1135 3547 1242 3620 saces;
1295 3595 1300 3604 .

510 3648 583 3708 Tum
604 3649 708 3708 mediis
725 3647 806 3721 sarco
826 3650 949 3707 recitent
966 3664 1042 3707 noua
1062 3650 1200 3708 carmina
1221 3653 1343 3720 screnis,

438 3772 477 3812 sno
577 3751 746 3825 Contempta
767 3758 894 3810 careant
909 3751 994 3809 nulla
1015 3751 1133 3810 tlteotra
1155 3755 1221 3811 mei.

505 3853 571 3914 Non
593 3858 691 3912 tamen
713 3854 767 3912 illa
783 3859 897 3911 moreat
915 3860 1058 3932 quantum
1082 3860 1135 3912 tna
1153 3854 1266 3913 damna
1282 3871 1445 3930 precesque

580 3954 703 4029 Udaque
721 3955 759 4013 de
779 3955 942 4029 lachrymis
960 3957 1059 4015 littera
1078 3955 1168 4028 saeta
1187 3958 1254 4015 tuis.

507 4058 642 4130 (incalibet
662 4048 791 4127 inemec,
814 4058 953 4130 quoniam
974 4058 1055 4128 licet,
1077 4058 1212 4133 improba
1233 4061 1344 4118 iactent

437 4181 475 4222 sn
576 4159 705 4218 Consilia
724 4160 839 4232 inqrati
855 4160 987 4232 pessima
1008 4160 1097 4218 turba
1115 4162 1222 4232 animi,

505 4259 599 4323 Plena
619 4264 714 4321 scelus
733 4279 789 4320 saa
812 4261 948 4335 quodque
964 4269 1078 4333 manet,
1099 4263 1163 4319 sine
1183 4263 1308 4322 crimine
1328 4246 1403 4321 l'cesa

575 4366 693 4455 Invenit
713 4368 822 4425 altores
840 4365 940 4437 oloria
962 4379 1034 4423 uera
1055 4363 1133 4422 deos.

350 4550 560 4562 ζ

418 4700 451 4733 ”¹
470 4703 563 4752 Bonus
575 4707 601 4754 2.
655 4710 721 4770 quot
734 4708 759 4755 2.
817 4701 851 4735 Μ
868 4700 990 4767 spatium
1002 4704 1028 4751 5.
1081 4699 1113 4731 ²⁹⁴
1132 4697 1242 4765 Odrys]
1260 4699 1404 4751 Tbraclcnc.
1457 4696 1491 4729 ²⁹⁸
1508 4696 1639 4752 Fertur.

351 4785 559 4851 ”chendbz
606 4787 803 4840 ”Viribnoz
849 4785 883 4820 ⁸¹³
895 4802 985 4851 neque
998 4785 1117 4853 raptoris
1130 4801 1227 4834 vecors
1241 4782 1356 4850 [vaecors
1368 4780 1406 4849 3.]
1421 4786 1494 4833 Μ.
1542 4782 1640 4834 ”turi-

250 4903 259 4918 .
350 4872 492 4922 distichum
507 4875 565 4922 Μ.
616 4871 651 4905 ⁸¹¹
670 4874 709 4937 Cf.
729 4874 839 4923 Helleni
854 4876 937 4937 epiqr.
957 4857 989 4922 1n'
1001 4872 1139 4938 picturum
1151 4870 1186 4920 de
1199 4869 1319 4920 Caesnre.
1332 4871 1446 4936 „Nuper
1458 4868 1640 4936 retrogrado?

350 4961 377 5007 ct
392 4972 474 5023 capra
484 4959 560 5009 Har.
578 4973 656 5009 m.
668 4975 691 5009 n.
704 4956 764 5009 nto.
816 4956 851 4991 ⁸¹¹
869 4956 993 5008 lacrimis
1005 4959 1031 5007 5.
1082 4953 1166 5006 litera
1180 4956 1238 5005 ab.
