3917 5950
794 600 932 652 EblTORlS
950 604 1112 655 turbatim.
1554 623 1601 670 xv

305 797 405 867 partes
427 789 486 848 sive
509 785 669 856 volumina,
699 782 825 866 q'uorhm
858 788 917 848 dno
946 792 1044 866 puriora
1068 790 1214 868 Epistulas
1242 795 1419 855 continentia
1442 797 1470 855 in
1494 775 1603 874 opera-¹

307 917 419 975 riorum
443 915 578 974 manibus
600 923 682 982 sunt3
706 934 774 974 mor
798 925 939 993 sequetur
962 917 1018 976 iarn
1042 916 1223 977 elaboratum
1241 919 1374 980 volumen
1392 921 1599 1000 llialngorum;

307 1060 397 1102 unum
421 1041 526 1101 deinde
549 1040 708 1118 explebunt
731 1042 885 1100 Orationes
908 1061 974 1102 oum
999 1042 1178 1102 didascalicis
1201 1043 1318 1111 libellis.
1347 1047 1424 1106 alind
1448 1050 1598 1125 Corinium

255 1242 259 1248 ,
306 1177 421 1230 sextum
444 1167 561 1227 dabitur
576 1165 712 1244 Epistolis
734 1167 929 1227 obscurorum
954 1169 1083 1228 virorum
1107 1170 1309 1250 similibusque
1330 1175 1445 1250 seriptis
1461 1192 1525 1251 quaa
1541 1194 1599 1234 non

307 1297 361 1356 nisi
386 1315 404 1374 ¹a
429 1293 621 1372 nugatoribus
644 1295 713 1371 ipsis
735 1295 793 1352 sire
816 1311 874 1351 non
898 1295 1019 1370 integris
1042 1294 1186 1354 iudicibus
1209 1265 1378 1371 litigatoris
1392 1317 1455 1359 esse
1484 1300 1599 1361 retitula-

307 1430 441 1490 mantur,
472 1439 539 1480 rum
565 1422 780 1480 renascentium
808 1418 970 1480 litterarum
999 1428 1085 1498 atque
1116 1422 1304 1483 historiarum
1335 1427 1468 1484 exeuntis
1498 1426 1600 1487 mediae
1667 1491 1672 1503 ⁸

307 1567 395 1626 quam
411 1564 548 1607 voramus
563 1548 655 1605 aetatis
670 1545 811 1605 uberrimi
828 1545 923 1604 lentos
938 1547 1016 1624 iique
1032 1565 1120 1624 supra
1137 1567 1225 1626 uuam
1242 1550 1322 1608 eradi
1344 1548 1419 1611 solet
1443 1555 1509 1629 puri
1531 1555 1597 1612 sint.

306 1677 431 1752 septimo
460 1674 599 1752 deniqne·
614 1671 760 1731 volumine
782 1672 896 1731 lndiees
926 1690 994 1732 enm
1024 1675 1231 1733 oorrnientariis
1253 1678 1326 1734 meis
1348 1676 1598 1753 eorrprehendam.

392 1803 533 1879 Superest
557 1807 588 1859 ut
610 1799 647 1857 de
670 1797 789 1857 Hutteni
812 1799 906 1875 effigie
930 1799 1017 1859 rerba
1042 1801 1159 1867 faciam,
1190 1819 1277 1878 quiam
1300 1800 1336 1860 ad
1359 1799 1470 1862 alberti
1494 1803 1600 1864 liureri

307 1927 474 2006 exemplum
503 1930 533 1985 in
561 1927 643 2003 regio
666 1923 849 1984 berolinensi
877 1924 1188 2003 chalcographiearum
1218 1927 1398 2003 picturarum
1423 1946 1526 1988 museo
1548 1929 1599 1990 ad·

307 2064 454 2114 serratum
477 2054 512 2113 ad
536 2052 683 2113 dimidiam
707 2053 769 2110 lero
791 2058 904 2127 partem
929 2053 1092 2122 redactam,
1122 2055 1252 2131 quamtis
1275 2071 1333 2112 non
1356 2055 1386 2112 in
1409 2073 1444 2113 eo
1466 2054 1560 2115 solunt
1584 2047 1605 2115 a¹

308 2181 470 2241 llureriano
482 2197 572 2257 opere
587 2179 698 2237 diversa
715 2178 752 2235 sit
767 2177 844 2255 qrrod
861 2176 1011 2237 dexteram
1029 2180 1129 2256 eapitis
1144 2187 1258 2255 partem
1274 2180 1509 2257 conspiciendam
1526 2198 1600 2259 prae-

307 2307 371 2374 bet,
395 2314 492 2366 tamen
515 2304 701 2387 exhibemus,
725 2303 854 2363 lelieiore
876 2302 1032 2382 aliqnando
1056 2306 1216 2364 imitatione
1238 2322 1409 2382 expressum
1434 2307 1600 2383 exemplum

306 2435 394 2514 tertio
416 2432 567 2498 volumini,
598 2430 647 2490 uhi
676 2432 839 2508 poterimus
867 2431 1009 2497 additum,
1038 2449 1106 2489 eum
1134 2433 1297 2508 praesertim
1327 2431 1388 2491 aliae
1411 2451 1601 2510 omnesquae

250 2572 260 2590 ·
306 2561 366 2619 sire
388 2557 467 2636 ligno
490 2559 550 2617 sive
572 2576 666 2635 errpro
689 2555 732 2616 rel
756 2556 878 2634 chalybe
901 2557 1021 2616 llutteni
1044 2557 1147 2616 laniem
1171 2560 1337 2634 exprimere
1360 2558 1445 2636 volgo
1474 2560 1599 2620 eredun-

305 2694 354 2745 tur
377 2685 532 2762 imagineS,
564 2702 663 2760 eaeque
694 2682 779 2741 etiam
803 2682 873 2759 ipsae
896 2700 961 2760 «pirae
985 2680 1067 2741 libris
1090 2684 1151 2741 viro
1175 2691 1294 2743 arrotore
1318 2684 1472 2761 prdlioatis
1495 2686 1599 2745 additae

306 2820 388 2879 sunt,
422 2819 472 2870 aut
500 2810 535 2868 ad
565 2808 837 2880 Stolzeuhergensis
867 2806 954 2868 Ulriei
985 2808 1103 2867 llutteni
1132 2810 1181 2886 qni
1209 2812 1300 2869 nostri
1330 2810 1601 2885 Strtehelbergensis

307 2935 396 2999 Ulrici
419 2944 561 3026 rngnatus
584 2935 637 2994 luit.
660 2935 803 3012 picturam
828 2933 953 3012 (natalem
978 2934 1124 3013 hodieque
1145 2937 1269 2995 soeietns
1286 2936 1490 2997 historicorum
1509 2938 1599 2998 Fran·

306 3065 396 3122 enuirr
425 3063 572 3123 inlerimis
595 3061 759 3136 Virriburgi
793 3062 930 3137 possideto
955 3068 1005 3139 aad
1028 3081 1062 3121 ex
1086 3061 1249 3122 verioribus
1272 3063 1388 3140 <pridem
1412 3066 1503 3124 nostri
1527 3065 1599 3124 llut-

305 3191 364 3249 teni
392 3191 551 3265 imaginum
582 3188 724 3265 exemplis
752 3188 803 3246 sed
834 3196 892 3246 tam
921 3188 1027 3247 misere
1058 3188 1212 3265 descriptae
1239 3190 1297 3248 sint
1323 3198 1355 3248 ut
1385 3186 1472 3247 huius
1495 3184 1599 3243 laniem

305 3318 439 3375 ementiri
462 3334 564 3376 omnes
586 3313 717 3374 direnda·
739 3316 805 3374 sint.
851 3313 1043 3374 Berobuensu
1067 3334 1136 3375 tero
1160 3315 1327 3393 extemplum
1358 3331 1424 3375 atum
1455 3312 1518 3371 aliis
1541 3311 1599 3370 llu-

258 3445 259 3448 ’
304 3444 428 3502 reriauis
456 3440 698 3502 delineationibus
729 3440 826 3500 mullis
856 3440 901 3518 (es.
926 3440 1042 3515 llelleri,
1058 3441 1166 3500 librum
1190 3440 1262 3501 ‘Alb
1279 3442 1385 3501 bitror.
1409 3440 1487 3517 lips.
1509 3435 1598 3498 1831.
1667 3444 1674 3460 ’

304 3568 347 3630 8⁰.
373 3577 442 3627 tom.
467 3568 501 3628 ll.
525 3585 554 3644 p.
585 3570 629 3626 17.
653 3585 716 3644 sqq.
741 3569 801 3645 oo.)
831 3574 897 3645 post
922 3570 1033 3652 ¹smmni
1061 3569 1182 3644 pictoris
1212 3568 1324 3627 obitum
1354 3568 1486 3627 Andreas
1510 3565 1599 3624 irater

303 3698 366 3755 eiras
389 3694 628 3770 horimbergensi
652 3694 766 3752 cuidam
790 3696 913 3770 patricio
937 3694 1121 3763 vendiderat,
1150 3702 1216 3772 post
1245 3696 1327 3754 euius
1349 3701 1468 3769 gentem
1490 3688 1598 3751 smnulo
1665 3694 1668 3704 '

303 3836 402 3881 xvtu.
428 3829 592 3882 emortuam
615 3819 689 3879 alius
712 3820 828 3897 quidam
846 3786 1103 3899 Nor·irnlter·gdrsis
1127 3825 1204 3899 (nam
1227 3840 1322 3899 neque
1345 3821 1432 3880 buius
1448 3836 1596 3896 possesso·

303 3949 343 4007 ris
367 3966 473 4008 nomeu
498 3947 626 4025 prodidit
640 3945 785 4022 Hellernsj
811 3949 937 4023 pretiosa
960 3948 1008 4007 illa
1031 3947 1098 4008 lolia
1123 3948 1291 4024 conparavit
1315 3948 1475 4024 eademqne
1492 3942 1598 4004 deinde

303 4074 339 4134 ab
362 4075 449 4134 ludus
473 4075 596 4133 hominis
621 4074 703 4133 sidua
720 4072 853 4133 Hellenos
877 4093 997 4133 inunum
1022 4093 1080 4133 uno
1103 4082 1135 4133 ut
1160 4074 1271 4133 ridetur
1294 4075 1377 4141 emit;
1402 4082 1462 4131 tum
1486 4072 1510 4129 is
1533 4088 1598 4147 qtrae

303 4200 438 4261 sibinen
462 4193 621 4268 retinebat,
645 4202 721 4259 iuter
744 4219 809 4277 qum
832 4201 892 4277 ipsa
916 4220 1034 4280 «praeque
1056 4219 1135 4261 rtuur
1151 4200 1351 4260 Bmoliuensia
1375 4197 1420 4255 illa
1446 4196 1511 4255 lolia
1535 4196 1597 4256 ltre-

304 4336 386 4393 ruut,
415 4329 615 4403 migraverunt
643 4328 671 4385 in
701 4328 805 4386 serinia
833 4328 1089 4405 Nitrimbergnnsis
1117 4327 1232 4385 loannis
1262 4321 1373 4381 athei-ti
1402 4340 1417 4379 a
1448 4322 1595 4381 [lersehau

303 4452 425 4514 militum
449 4454 579 4531 pruriet-ti
611 4462 639 4512 et
668 4462 733 4530 post
756 4455 842 4513 lunius
865 4454 968 4512 lunma
994 4455 1021 4510 in
1046 4452 1151 4509 horrea
1176 4447 1366 4523 hagionem:
1397 4449 1523 4528 Naglero
1547 4452 1596 4512 de·

232 4595 238 4603 ·
303 4582 390 4659 irione
419 4583 559 4640 suceessit
588 4578 666 4657 «pund
697 4597 775 4637 nnue
803 4578 849 4636 illa
880 4577 946 4636 lolia
977 4576 1066 4635 habet
1089 4594 1222 4634 ttirrseum
1245 4575 1368 4652 regium.
1414 4577 1515 4656 Neque
1539 4578 1595 4637 boo
1638 4599 1642 4606 ·

301 4709 437 4785 'cuiquam
461 4709 565 4767 iustam
590 4703 717 4765 movebit
739 4705 945 4780 suspitionem.
976 4703 1053 4781 qarttd
1084 4704 1206 4780 picturis
1234 4706 1389 4764 recentiori
1414 4722 1501 4763 manu
1526 4705 1595 4764 snb·

246 4811 256 4833 ’
301 4836 408 4912 scripta
441 4836 557 4892 nomina
589 4841 620 4892 ut
648 4834 709 4910 ipsa
738 4831 823 4892 eliam
847 4831 959 4908 depirta
985 4832 1077 4908 arrtpita
1102 4831 1201 4891 lortiee
1225 4839 1340 4891 texseeta
1363 4830 1425 4890 aliis
1449 4831 1523 4891 loliis
1545 4849 1596 4908 pa·

1527 4943 1544 4969 Ι
