3917 5950
345 627 418 704 44⁴1
444 641 610 695 CCXHch
621 656 701 694 ossi.
713 656 972 695 suessonicam
992 641 1211 697 CCXIV.cossr.
1223 658 1327 706 senem
1337 659 1372 695 ns
1382 655 1633 696 vsnrrcnsmxcc.

345 825 427 881 modo
448 836 517 900 erqo
539 834 596 876 non
618 817 693 873 mitte
716 819 853 881 mortibus
874 819 950 875 venit
970 819 1112 876 obnuaius
1134 822 1184 892 qui
1204 837 1269 877 cum
1291 820 1321 874 in
1342 819 1509 890 exemptum
1527 818 1636 888 positas

345 913 382 966 sit
401 908 570 980 probitatis,
593 910 705 976 prater
727 905 878 975 rapinam,
907 907 1016 960 crimen
1036 922 1144 977 perse
1167 907 1379 976 turpissimum,
1408 903 1535 959 admittit
1554 903 1636 955 etiam

315 994 525 1064 ‘veneficium
547 996 575 1044 et
597 990 674 1060 qnod
692 992 812 1060 qravius
832 996 888 1056 est,
917 991 1033 1045 incaute
1062 997 1089 1046 et
1115 992 1316 1062 inauspicato?
1353 989 1430 1056 Quid
1451 989 1540 1059 iqitur
1561 987 1638 1040 atiud

339 1069 414 1150 'secit
435 1094 521 1147 quam
543 1076 663 1130 occidit?
696 1091 761 1128 cum
783 1077 812 1129 in
834 1076 882 1162 55ss
896 1092 953 1130 narr
981 1081 1039 1129 tam
1069 1076 1200 1132 uoluentes
1226 1082 1375 1145 spectatur
1401 1090 1489 1144 quam
1517 1069 1635 1143 sactum.

348 1164 370 1219 0
392 1163 568 1233 retiqioncm,
592 1177 607 1214 o
629 1161 780 1226 screatum,
804 1178 820 1214 o
842 1161 1023 1229 Pontificem!
1057 1161 1113 1226 Qui
1134 1167 1172 1216 tot
1190 1161 1345 1231 perdidicit
1357 1157 1576 1231 qrammaticos,
1598 1159 1655 1212 tots

346 1248 490 1313 rhetores,
514 1252 553 1301 tot
574 1246 659 1300 etiam
682 1244 874 1315 tbeotoqorum
896 1246 992 1300 obdita
1010 1249 1188 1316 penetravit,
1212 1247 1263 1316 qui
1282 1245 1354 1300 vibit
1374 1261 1432 1299 non
1454 1249 1498 1297 est
1517 1241 1637 1294 rimatus

345 1336 374 1388 in
397 1331 565 1402 scripturis,
588 1331 618 1383 in
641 1331 759 1398 optimis.
775 1330 956 1396 authoribus,
979 1332 1010 1384 in
1031 1330 1172 1398 historiis,
1196 1332 1315 1402 quitum
1332 1329 1413 1400 iane
1435 1329 1550 1396 iateque
1569 1338 1636 1393 per-

345 1418 459 1489 aqravit
485 1415 644 1471 stadiorum
673 1416 849 1481 academias,
880 1417 955 1487 aqite
977 1431 1086 1487 quoesv,
1116 1434 1132 1472 o
1158 1416 1336 1471 serenissimi
1360 1413 1525 1484 principes,
1551 1407 1636 1478 fasne

345 1507 388 1558 est
409 1503 487 1556 ittam
509 1506 567 1554 tom
590 1502 692 1555 misere
713 1501 852 1555 interiret
878 1501 940 1554 bccc
962 1516 1072 1555 merces
1093 1503 1148 1556 erit
1170 1506 1209 1556 tot
1231 1508 1359 1555 actorum
1382 1498 1534 1552 taboram?
1561 1491 1637 1545 berne

346 1589 469 1643 vinctum
492 1585 612 1641 tradetis
635 1584 768 1639 Sibaritis
788 1587 1004 1641 eviratissimist
1030 1585 1084 1641 boc
1101 1588 1254 1656 prcemium
1277 1587 1332 1639 erit
1353 1582 1450 1638 mititis
1465 1576 1636 1639 Herculani,
1648 1587 1669 1627 n

346 1680 404 1728 tam
427 1671 503 1726 vobis
524 1669 659 1740 officiosi,
689 1676 747 1723 tam
768 1671 882 1725 emeriti
901 1671 936 1724 de
956 1673 1070 1741 patria,
1097 1673 1131 1726 de
1153 1670 1282 1726 omnibns
1303 1666 1481 1724 horninibus?
1514 1662 1548 1716 Si
1568 1661 1637 1714 tatia

346 1757 506 1812 decernetis
528 1756 652 1824 preemia
677 1755 785 1822 patriar
810 1755 949 1810 libertatis
971 1757 1143 1823 vindicibus,
1174 1757 1244 1826 qnid
1269 1771 1333 1810 cvm
1359 1751 1477 1823 furibus
1499 1746 1590 1818 aqetis
1612 1747 1638 1796 et

345 1841 479 1898 sicariis?
512 1839 544 1892 Si
565 1839 618 1893 troc
637 1840 814 1909 permittitis,
845 1841 901 1894 iam
925 1857 1036 1912 quoqne
1063 1847 1090 1895 et
1116 1842 1193 1896 vobis
1219 1839 1404 1895 imminebunt
1424 1834 1502 1889 mata
1524 1829 1637 1892 similia,

345 1926 483 1996 siquidem
506 1925 659 1979 timendum
681 1924 751 1989 erit,
780 1939 816 1978 ne
842 1925 869 1978 si
894 1927 982 1980 semel
1009 1926 1181 1981 obtinuerint
1209 1924 1252 1992 (ut
1273 1925 1389 1995 coutiqit
1411 1917 1519 1991 ferme)
1548 1912 1638 1982 ²¹1⁰th

346 2026 398 2066 uos
424 2009 541 2063 serviles
565 2007 682 2078 saciant
708 2025 794 2078 quam
822 2010 887 2063 otim
910 2009 999 2064 Curres
1025 2012 1070 2066 vet
1089 2009 1254 2066 Messenios.
1298 2006 1465 2062 Decerannt
1486 2001 1540 2055 b'vc
1562 1999 1668 2068 teqesn

345 2097 431 2165 ipsse,
460 2100 491 2147 ut
517 2095 546 2148 in
573 2093 656 2147 malis
683 2094 795 2148 caussis
820 2097 1027 2164 propensiores
1051 2097 1109 2150 sint
1133 2096 1243 2150 iudices
1270 2095 1309 2149 ad
1330 2088 1531 2147 absolvendum
1554 2096 1638 2152 quam

346 2181 385 2234 ad
406 2177 601 2233 damnandnm
624 2220 775 2232 .......
820 2178 863 2233 De
891 2181 1011 2253 veritate
1038 2180 1084 2235 bic
1113 2181 1144 2234 in
1169 2181 1304 2236 iudicium
1333 2181 1467 2239 vocatur,
1496 2183 1584 2241 quam
1609 2170 1639 2217 1¹!

346 2261 523 2333 arserimus,
552 2264 629 2317 rom
657 2262 692 2316 ab
715 2264 859 2318 suessano
886 2248 954 2318 ‹ta‘ur
984 2272 1026 2319 ea
1046 2270 1176 2334 quana
1199 2304 1303 2320 .....
1355 2259 1441 2315 Verrio
1469 2256 1509 2309 aa
1536 2249 1638 2306 Murri-

346 2365 428 2413 nurn,
456 2349 491 2402 de
513 2364 568 2417 qao
590 2348 663 2402 vibit
675 2356 760 2402 ‘rerertc
781 2347 887 2403 babent
908 2350 1001 2417 atirrd,
1030 2367 1116 2419 quam
1138 2351 1216 2420 quod
1235 2349 1315 2403 toties
1337 2344 1459 2400 Romam
1481 2336 1639 2393 accersitas

346 2434 547 2500 contempserit
569 2434 665 2486 venire
689 2473 864 2490 ........
909 2432 1055 2504 terebratis
1076 2435 1145 2505 quid
1166 2433 1325 2489 doctissima
1353 2436 1381 2484 et
1408 2428 1498 2483 eidem
1525 2419 1668 2491 probis-so

345 2518 416 2572 simo
432 2518 492 2570 viro
507 2515 612 2570 Ioanni
627 2516 767 2570 Reucbtin
782 2519 948 2587 nuperrime
961 2516 1085 2587 fecerit?
1116 2518 1202 2573 Hunc
1224 2534 1288 2573 cum
1310 2515 1484 2576 absolutum,
1508 2506 1636 2566 liberum.

348 2602 494 2663 rictiacus,
524 2600 761 2669 triumphatorem
789 2603 961 2657 decrevisset
990 2605 1130 2659 ‹retversus
1153 2603 1299 2673 publicum
1326 2600 1379 2654 boc
1413 2596 1490 2652 vrbis
1524 2589 1637 2649 rnatum,

348 2685 568 2751 Hocbstratnm,
598 2700 693 2754 nuper
720 2691 814 2740 tamea
841 2687 953 2741 modica
980 2687 1122 2743 demnttns
1143 2687 1297 2758 pecuniola
1320 2698 1437 2738 rursum
1460 2678 1538 2735 sictut
1560 2687 1638 2727 reum

345 2771 542 2825 condemnavit
562 2776 590 2824 et
610 2770 686 2823 litem
707 2773 795 2826 semet
814 2771 971 2827 extinctam
994 2771 1154 2842 refricavit.
1198 2779 1226 2827 et
1247 2776 1324 2825 certe
1346 2768 1425 2822 natta
1448 2770 1514 2819 erat
1536 2771 1637 2815 caussa

346 2853 514 2924 Capnionis,
538 2869 629 2925 neque
652 2855 754 2908 acerbe
776 2858 927 2928 quicquam
950 2850 1011 2925 epit
1031 2860 1060 2913 in
1081 2858 1251 2927 pontificem.
1290 2853 1364 2920 Quid
1382 2853 1409 2906 si
1422 2852 1500 2905 ittam
1523 2844 1668 2899 traberna

346 2941 396 3011 qvi
416 2939 550 2993 demetuit
571 2939 624 2994 sibi
645 2953 763 2995 messem
786 2942 1043 3010 indutqcutiarum,
1067 2943 1225 3013 extirpavit
1238 2940 1382 2996 nserrdinas
1395 2931 1639 2992 sacerdotiorum?

348 3065 620 3079 ............
653 3024 751 3092 Nunc,
775 3030 986 3095 utaliquando
1008 3029 1122 3083 dicendi
1140 3028 1227 3097 finem
1248 3026 1372 3097 sariram,
1396 3016 1638 3075 reintroductores,

347 3126 362 3163 o
387 3109 550 3178 principes,
578 3126 664 3178 qnam
694 3114 725 3163 ut
751 3113 902 3183 utriusque
927 3115 1024 3180 partis
1054 3127 1187 3166 caussam
1216 3110 1351 3165 attentius
1372 3102 1584 3175 consyderetis:
1616 3095 1640 3147 si

343 3195 524 3265 persuadere
552 3195 628 3248 vobis
652 3201 773 3262 pussant
795 3195 972 3252 Romanistec
993 3204 1021 3251 et
1044 3197 1191 3252 Curtisaui
1217 3195 1316 3265 aliqua
1336 3193 1404 3262 ieqe
1424 3189 1638 3258 scripturorum

346 3279 507 3348 approbari
531 3280 669 3348 rapinas,
697 3275 835 3348 fraudes,
867 3285 1024 3347 versutias,
1046 3283 1238 3347 ‚cattiditates,
1264 3276 1532 3337 circumventiones,
1560 3278 1670 3338 pom-so

344 3379 427 3433 pam,
451 3364 570 3428 turum,
594 3363 776 3431 tyrannidem
798 3372 826 3419 et
847 3365 931 3434 siqua
953 3373 1022 3421 sunt
1043 3367 1220 3432 huiusmodi,
1244 3364 1345 3435 quibus
1365 3359 1532 3414 iamdudum
1556 3367 1638 3407 acen-

345 3448 403 3501 sati
428 3452 509 3511 sunt,
538 3446 611 3500 nibil
639 3464 787 3503 moramur
814 3453 882 3519 quin
913 3451 955 3504 itti
980 3452 1116 3510 vicerint,·
1149 3452 1195 3505 sin
1224 3455 1318 3503 autem
1346 3446 1399 3500 boc
1421 3460 1479 3498 non
1502 3438 1638 3512 poterint,

345 3533 516 3600 absentique
539 3532 665 3585 vicimus.
709 3548 801 3603 neque
830 3537 917 3589 aliam
949 3536 1102 3589 vindictam
1129 3542 1275 3605 optamus,
1304 3547 1391 3602 quam
1420 3534 1451 3583 ut
1473 3527 1508 3581 de
1537 3529 1639 3579 cetero

345 3629 442 3669 amnes
465 3615 624 3679 Curtisani,
649 3617 798 3671 mendacia
819 3620 1063 3689 indntqentiarum
1086 3620 1237 3673 deteantur
1259 3619 1294 3672 de
1311 3614 1476 3671 Germania.
1514 3609 1563 3664 Sic
1578 3616 1638 3662 ton·

344 3699 407 3753 dcm
433 3700 498 3768 bet,
527 3706 558 3754 ut
585 3714 677 3769 neque
705 3704 809 3769 armis,
840 3718 932 3774 neque
958 3701 1043 3773 ferro
1070 3704 1107 3757 sit
1135 3718 1207 3774 opus
1229 3703 1292 3757 ittos
1313 3703 1498 3770 ertinquere,
1529 3695 1580 3748 scd
1600 3694 1669 3746 {raes

345 3785 440 3837 abacti
460 3784 544 3838 citius
563 3783 644 3854 same
666 3790 751 3855 atquc
774 3788 869 3841 inedia
891 3788 1070 3857 disperibunt
1092 3779 1126 3842 dv
1149 3793 1239 3841 terra.
1276 3786 1340 3841 Hoc
1362 3785 1387 3840 si
1406 3781 1554 3853 feceritis,
1577 3793 1636 3832 rcm

344 3868 395 3921 eico
418 3870 521 3937 optimo
543 3870 669 3923 marimo
688 3869 804 3940 facietis
824 3873 1034 3943 qratissimarn,
1057 3876 1084 3927 et
1106 3886 1158 3927 nos
1178 3890 1196 3925 a
1215 3878 1271 3924 tam
1287 3870 1440 3926 durissima
1456 3867 1522 3936 iuqo
1538 3865 1639 3919 liberos

344 3953 483 4018 reddetis,
510 3970 566 4024 qno
591 3955 708 4008 tiberius
729 3958 891 4011 serviamus
913 3956 1040 4022 Cbristv,
1063 3958 1112 4011 cui
1132 3956 1232 4023 bonor,
1256 3958 1347 4010 virtus
1368 3960 1396 4009 et
1417 3951 1512 4023 qtvria
1536 3951 1565 4002 in
1587 3963 1637 4002 sa-

344 4038 410 4091 cnto
431 4044 550 4091 aterna.
596 4045 671 4086 vtae,

891 4301 1088 4379 coxam.
1316 4341 1322 4352 »
1507 4312 1670 4392 Qu

843 4478 905 4534 PHS
926 4479 1139 4536 cttntsttststs.

431 4611 565 4667 Convenit
587 4629 678 4679 rnmc,
701 4614 805 4668 Lector
827 4615 961 4685 caredrbte,
986 4631 1042 4685 qua
1064 4616 1099 4669 iis
1119 4615 1227 4670 obviam
1243 4625 1356 4677 eamus,
1379 4610 1430 4685 qui
1444 4609 1580 4662 tritantur
1595 4626 1642 4678 op

340 4696 470 4764 primere
490 4697 693 4768 Evarrqetieam
727 4699 887 4764 veritatem,
917 4705 947 4753 ut
967 4699 1165 4765 Autiebristis,
1196 4697 1268 4752 nibit
1287 4695 1401 4750 interim
1421 4693 1584 4763 probantes
1605 4708 1642 4747 ex

308 4870 310 4874 ’
344 4873 482 4925 ccx1111.
522 4889 625 4925 ossum
648 4873 825 4941 coniecerim
849 4895 953 4929 sensns
980 4877 1163 4945 sco-luontini,
1192 4878 1226 4927 da
1250 4878 1353 4926 uirtute
1374 4871 1492 4937 Oleniis,
1520 4872 1545 4923 ἃ
1562 4872 1644 4923 Bulla

344 4956 591 5025 condemnaltionis
607 4961 711 5012 Leonis
733 4963 858 5023 Decimi,
887 4963 991 5013 Contra
1013 4963 1165 5027 Martinam
1179 4959 1184 5024 Ι
1198 4961 1369 5018 Lutherum„
1391 4955 1434 5007 Ad
1459 4955 1601 5011 invictiss.
1623 4956 1645 5007 b
