3917 5950
546 640 669 695 cxxtx.
688 658 792 695 nvnvnn
806 656 928 693 connum
940 657 978 692 sn
991 658 1172 695 uonnsosnvn
1185 662 1228 696 nn.
1243 663 1269 696 n.
1285 653 1303 697 ¹.
1318 662 1375 715 aun.
1391 654 1449 699 luti.
1565 634 1639 707 277

880 882 1117 961 OXXVIIII.
1413 872 1415 877 ’
1457 912 1475 955 ι.
1490 923 1546 958 m.
1563 913 1621 955 aa.

1446 975 1639 985 —--

593 1058 624 1117 E
630 1057 683 1117 VB
693 1057 739 1116 t't
750 1056 799 1116 l’S
818 1057 1034 1118 abnueras
1053 1058 1288 1118 ithNTESINO
1309 1059 1334 1118 S
1339 1061 1390 1120 t'o

590 1155 625 1208 [2
640 1155 771 1196 mennas
785 1154 898 1197 cuorus
910 1156 1068 1197 sturnus
1083 1156 1210 1199 uentano
1226 1157 1391 1213 narrasoe]

896 1280 909 1293 ,
953 1227 983 1277 s.
997 1230 1029 1278 n.

319 1362 333 1401 ⁵
430 1350 525 1410 Mittis
545 1367 563 1409 e
584 1332 746 1408 Germania
752 1392 762 1424 ,
783 1348 835 1406 ubi
853 1364 933 1406 nilne
954 1351 1037 1426 apis,
1059 1349 1183 1409 subinde
1202 1366 1290 1410 noros
1304 1353 1431 1430 libellos,
1454 1352 1557 1425 quibus
1573 1351 1638 1410 Bo-

341 1469 465 1514 manum
491 1454 609 1518 curiam
638 1451 760 1525 quidam
787 1451 832 1509 sic
860 1450 1039 1524 depinqunt,
1068 1458 1101 1510 ut
1126 1453 1174 1512 hic
1196 1457 1243 1513 vel
1262 1457 1327 1512 noti
1350 1457 1396 1512 uel
1421 1454 1569 1512 habitasse
1589 1455 1637 1512 oi-

341 1557 488 1631 deantur‚
507 1555 640 1614 sednon
660 1567 846 1610 essenorum
866 1552 945 1610 hunc
967 1556 1118 1626 querelam
1138 1555 1253 1615 libellus
1271 1556 1389 1615 h'icolai
1407 1557 1444 1615 de
1463 1556 1637 1651 Clernunqis¹

341 1660 403 1716 iam
424 1659 492 1716 olim
510 1656 565 1715 sub
581 1655 726 1713 Clemente
746 1655 867 1728 septimo
885 1657 1070 1729 conscriptus
1091 1662 1223 1715 testatur.
1261 1675 1347 1732 quem
1368 1676 1385 1717 e
1406 1658 1553 1716 Vaticana
1568 1674 1637 1717 mni-

340 1765 455 1819 tuatum
466 1757 648 1817 -bibliotheca
671 1755 715 1813 ad
734 1761 762 1814 te
779 1758 859 1814 mitto
881 1773 942 1814 una
961 1772 1028 1815 crim
1047 1760 1199 1817 uersiculis
1217 1760 1324 1820 rithmo
1338 1760 1545 1829 constantibus,
1566 1775 1638 1832 quos

309 1868 383 1921 lien
404 1862 500 1919 altero
525 1859 654 1933 quodam
683 1857 785 1917 codice
812 1858 961 1916 miranda
988 1861 1137 1918 uetustatis
1166 1860 1396 1937 desumpsimus..
1437 1864 1544 1921 h'erum
1564 1862 1638 1936 quid
1723 1889 1744 1908 ·

336 1971 431 2038 putas
451 1962 533 2020 huno
553 1964 686 2019 autorem
708 1959 856 2018 dicturum
875 1958 986 2031 fuisse,
1007 1962 1036 2017 si
1055 1963 1101 2018 nel
1115 1960 1286 2022 Alexandri
1299 1967 1377 2023 senti
1391 1962 1637 2038 Epicureismum,

341 2066 388 2123 oel
411 2064 487 2123 Iulii
506 2063 679 2121 Martialem
705 2062 837 2120 animum
864 2056 1006 2120 uidisset?
1039 2062 1093 2120 sub
1119 2063 1223 2135 quibus
1249 2068 1339 2123 etiam
1371 2067 1402 2123 iu
1435 2068 1636 2139 neqociatione

336 2165 544 2241 prebendariis
567 2167 667 2223 mdtoe
687 2179 771 2221 nouae
792 2163 906 2221 technce
928 2172 1056 2237 repertae
1077 2165 1203 2223 suntad
1216 2166 1364 2239 pecunias
1380 2167 1511 2240 undique
1523 2183 1635 2227 corra-

341 2267 475 2341 dendas,
502 2272 533 2325 et
557 2265 596 2325 ab
621 2268 686 2339 illie
708 2271 836 2339 receptae
864 2271 933 2323 sant
957 2266 1189 2340 approbataque
1213 2269 1308 2340 maqis
1330 2270 1399 2339 fisci
1416 2285 1505 2341 quarn
1528 2268 1639 2328 Christi

310 2376 333 2417 ¹⁵
342 2385 406 2429 rem
427 2368 592 2441 apsntibus.
635 2366 746 2441 Nempe
772 2367 853 2441 quod
875 2366 924 2425 hic
950 2367 986 2425 ob
1009 2367 1150 2425 bellorum
1177 2374 1310 2442 sumptus
1336 2370 1499 2429 inaurareris
1527 2375 1636 2443 eperat,

341 2474 393 2531 ille
414 2472 632 2542 vero-filiorum
651 2470 862 2544 petulantiam,
891 2470 1047 2527 luxuriam
1068 2474 1097 2526 et
1117 2471 1306 2543 tyrannidem
1329 2472 1465 2543 lepitimis
1481 2473 1636 2545 proventi-

321 2574 395 2633 'bus
414 2571 520 2644 sotere
541 2586 600 2629 non
616 2576 726 2644 posset.
764 2569 909 2629 Caluum
930 2586 997 2643 spes
1018 2575 1061 2628 est
1080 2586 1144 2628 rem
1167 2570 1366 2630 Christianam
1388 2574 1492 2631 melius
1512 2573 1635 2632 habitu-

341 2691 409 2734 ram
428 2673 483 2733 sub
495 2672 593 2739 heom
615 2671 671 2731 hoc
686 2670 739 2742 X,
760 2671 998 2745 quandoquidem
1021 2671 1070 2730 hia
1091 2687 1150 2729 non
1172 2672 1279 2731 desunt
1299 2676 1351 2746 qui
1371 2674 1441 2733 huic
1461 2676 1539 2733 serio
1559 2691 1635 2733 cou-

341 2779 456 2847 sulant,
483 2776 615 2851 primum
640 2780 674 2832 ul
699 2772 841 2849 Aloaros,
878 2771 1042 2847 Sploestros
1067 2779 1096 2832 et
1122 2776 1265 2847 quicquid
1295 2782 1338 2833 est
1368 2778 1582 2835 summulorum
1608 2780 1637 2833 et

310 2878 603 2938 ”summulariorum
624 2890 753 2950 prorsus
781 2875 910 2950 aboleat,
939 2875 1020 2947 quod
1043 2890 1101 2948 per
1127 2876 1195 2934 istos
1220 2876 1348 2934 mundus
1372 2877 1547 2947 seducatur,
1576 2892 1635 2935 non

343 2981 449 3054 ubique
468 2981 653 3051 eounpelium
673 2984 727 3036 oid
748 2977 875 3038 Paulum
897 2986 1028 3044 secutos·
1059 2977 1168 3035 deinde
1191 2984 1223 3036 nt
1241 2979 1355 3050 edicat,
1384 2995 1422 3036 ue
1445 2978 1570 3051 posthac
1590 2980 1637 3037 uel

342 3081 427 3141 Scato
443 3082 488 3139 oel
506 3078 624 3138 Home
645 3081 692 3138 uel
710 3080 849 3152 cuiquam
869 3081 1127 3138 sententiarioram
1145 3079 1276 3150 udatur,
1305 3081 1364 3138 nisi
1383 3061 1482 3138 sacrae
1499 3080 1634 3152 seriptu-

342 3200 389 3241 roe
418 3184 588 3241 testimoniis
621 3182 735 3255 apenti,
771 3195 829 3239 non
863 3187 967 3263 autem¹
989 3180 1153 3240 rationibus
1178 3181 1309 3254 physicis
1333 3187 1387 3238 ant
1410 3180 1634 3254 metaphysicis:

343 3286 456 3358 alioqui
475 3284 552 3342 nihil
565 3282 759 3356 profuturum
774 3283 944 3352 concilium,
964 3284 992 3340 si
1006 3283 1068 3340 istis
1084 3298 1139 3340 sun
1162 3288 1283 3341 maneat
1301 3284 1453 3341 autoritas.
1488 3287 1635 3356 postremo

311 3388 513 3456 venamini,
537 3391 570 3442 ul
592 3385 674 3442 iussu
692 3385 840 3457 pontificis
863 3383 1028 3442 decretales
1051 3384 1096 3441 ad
1113 3381 1297 3456 euanqelium
1315 3390 1345 3443 et
1363 3384 1453 3443 Pauli
1469 3384 1635 3442 doctrinam

342 3486 542 3559 conferamur
558 3502 619 3560 per
640 3487 751 3558 aliquot
772 3485 860 3543 bonos
881 3485 971 3556 uiros,
995 3487 1048 3557 qui
1064 3500 1123 3543 non
1144 3488 1326 3560 sulloqismos
1344 3486 1399 3544 sed
1413 3484 1559 3542 Christum
1574 3485 1635 3542 ha-

343 3589 432 3648 beant
452 3590 482 3645 in
497 3595 635 3661 pectore:
662 3601 732 3645 nam
753 3588 839 3644 aiunt
859 3589 967 3644 multas
982 3592 1124 3659 quaestum
1141 3593 1170 3645 et
1182 3589 1348 3646 avariciam
1362 3588 1456 3661 olere,
1477 3588 1636 3645 nonnullas

342 3688 547 3766 tyrannidem,
574 3687 718 3761 quasdam
744 3690 950 3760 arroqantinm
978 3695 1008 3746 et
1034 3687 1150 3760 sucum.
1192 3689 1248 3747 sed
1274 3690 1372 3747 miultis
1398 3704 1481 3747 secus
1510 3687 1635 3746 uidetur.

342 3888 508 3940 cxxvlm.
529 3888 590 3937 1:
603 3876 673 3950 §st
689 3902 826 3938 incanus
843 3872 912 3947 Ἢ
933 3886 937 3951 Ι
953 3903 1112 3938 cnnuhrtsns
1127 3887 1370 3953 nncmntnzlconns
1382 3885 1514 3939 Baiocefi.
1531 3890 1638 3938 Docbor

343 3973 370 4023 S.
385 3971 556 4037 theologioei
572 3971 751 4035 Parifiensss,
776 3974 818 4022 De.
838 3977 966 4038 corrupto
986 3969 1122 4037 ecolelsioe
1144 3971 1224 4023 statu.
1242 3975 1246 4036 Ι
1267 3988 1466 4024 n.u0vnsn1vs
1485 3968 1634 4036 neeman!

342 4058 465 4107 Docebit
483 4057 529 4106 hic
548 4063 575 4107 le
594 4057 666 4106 libor
685 4057 783 4122 quibus
801 4057 956 4106 rationibus
975 4073 1019 4106 res
1032 4052 1249 4124 oocleliiihcaeca.
1270 4060 1318 4120 (lt
1328 4059 1384 4120 soil.
1399 4058 1435 4108 ⁴⁰.
1448 4075 1470 4106 s.
1484 4061 1500 4107 l.
1514 4062 1539 4105 et
1551 4073 1576 4104 a.
1590 4073 1635 4118 po-

341 4148 437 4191 elt-etna
451 4158 513 4206 pap.
527 4158 606 4191 oacrca
624 4140 684 4204 est.)
736 4142 798 4189 2:
811 4144 844 4193 Ut
859 4144 886 4198 t,
906 4145 956 4191 nisi
972 4145 1040 4207 qnod
1051 4160 1073 4191 o.
1089 4145 1114 4191 3.
1134 4143 1275 4207 theologiiq
1291 4141 1295 4205 Ι
1310 4162 1331 4192 n.
1347 4145 1370 4191 4.
1392 4138 1498 4206 ecclei,
1518 4158 1540 4188 n.
1556 4143 1579 4187 b.
1593 4141 1636 4188 ha·

340 4226 396 4276 hel:
414 4241 442 4275 n.
455 4240 616 4275 uonnnnnvs
635 4241 763 4275 nncnont.
780 4225 784 4290 Ι
799 4233 824 4276 et
838 4233 899 4290 poet
918 4241 1003 4275 coeen.
1023 4234 1076 4276 est:
1093 4226 1195 4276 Addita
1211 4225 1271 4276 sunt
1283 4228 1407 4291 quendam
1421 4226 1560 4285 Carmina,
1575 4238 1635 4287 qnae

341 4311 369 4360 in
389 4306 500 4375 primite
520 4310 652 4360 seditione
665 4306 908 4373 desyderabantur.
926 4309 930 4371 Ι
950 4311 1002 4370 (38
1010 4311 1066 4373 soll.
1081 4311 1117 4359 4⁰.
1130 4328 1151 4360 s.
1166 4315 1182 4360 l.
1196 4318 1221 4360 et
1234 4328 1259 4359 a.
1268 4319 1422 4375 postremum
1436 4311 1523 4372 salicem
1535 4323 1637 4357 narnium

340 4397 401 4456 est.)
420 4394 580 4459 Clemungis
598 4393 735 4454 libellum,
755 4394 804 4443 sed
821 4410 876 4445 non
893 4397 1044 4446 Montesini
1058 4395 1204 4460 epistolam
1218 4400 1245 4442 et
1258 4396 1393 4453 carmina,
1414 4393 1527 4458 repetiit
1538 4393 1637 4441 Brown

319 4467 321 4472 ¹
375 4480 404 4527 in
422 4477 572 4528 fasciculo
591 4493 644 4526 rer.
663 4469 841 4541 ex'petendar.
854 4479 975 4528 Londini
996 4495 1020 4527 a.
1038 4477 1109 4528 1600.
1126 4478 1172 4527 fol.
1188 4479 1278 4537 edito,
1299 4482 1362 4527 tom.
1377 4478 1412 4526 11.
1432 4495 1457 4541 p.
1471 4476 1529 4526 555.
1544 4491 1601 4539 sqq.

405 4693 471 4745 ⁸Ci.
480 4695 654 4746 Burckhardi
666 4697 860 4747 sisinninm.
868 4696 960 4762 poll.
990 4698 1099 4746 Pnnzbr
1110 4695 1201 4746 Ulm.
1209 4696 1244 4745 H.
1253 4713 1278 4762 p.
1286 4694 1345 4745 207.
1376 4695 1468 4746 Fiissli
1481 4695 1636 4746 inSchwni·

338 4781 469 4830 aethius.
483 4777 612 4845 using.
628 4779 701 4830 1789.
716 4779 806 4845 [ὦῶ.
820 4797 860 4845 sq.
880 4781 992 4831 Strauss
1004 4782 1111 4831 Hutten
1124 4781 1160 4830 11.
1169 4796 1229 4845 cap.
1241 4779 1279 4828 12.
1316 4780 1346 4812 ²⁸
1358 4779 1602 4847 Clemanginlnm.
1612 4784 1636 4830 1.

339 4863 483 4914 Clemente
501 4863 564 4913 v11.
578 4863 624 4928 qui
639 4880 699 4913 cum
717 4864 829 4914 Urbano
848 4864 896 4914 v1.
911 4883 937 4915 a.
956 4864 1031 4916 1378.
1049 4880 1122 4931 papa
1141 4863 1234 4915 factus
1253 4871 1304 4915 nst.
1363 4864 1384 4898 ¹²
1401 4867 1592 4933 negotiatione
1610 4870 1636 4917 2.

342 4946 362 4980 ¹⁸
379 4947 433 5000 hoc
446 4949 563 4999 Decimo
575 4951 601 4997 2.
654 4946 675 4979 ²¹
696 4948 872 5015 anengalium
886 4944 910 4999 l.
963 4948 986 4982 ²⁹
1005 4950 1154 5001 auaritiam
1166 4935 1191 4997 ἰ.
