3917 5950
456 647 537 701 CLV.
557 663 641 699 nvrr.
655 662 692 698 sn
704 662 819 699 raonis.
833 663 961 699 svsrnrn
974 662 1061 696 rnna.
1076 662 1111 696 na
1126 662 1171 698 vu.
1186 662 1264 698 accc.
1279 660 1413 698 consenc.
1436 655 1494 696 isio.
1560 631 1634 704 333

338 820 419 880 diurn
440 819 629 880 interdictum
652 818 715 879 est?
743 818 845 898 lnique
867 819 926 896 agit
947 836 1016 878 vero
1039 819 1089 897 qui
1111 816 1243 878 clausum
1265 816 1417 878 obsidione
1439 820 1547 895 premit
1568 837 1636 879 eum

338 940 355 982 a
382 940 442 999 quo
470 920 584 981 solutus
612 921 675 998 ipse
705 922 787 998 prins
816 927 845 980 et
873 922 902 979 in
930 921 1068 997 opinione
1101 919 1227 979 foederis.
1247 921 1421 979 constitutus
1449 918 1636 980 clandestinis

339 1023 418 1083 domi
441 1022 707 1082 machinationibus
729 1023 877 1100 impetitus
900 1022 983 1081 erati
1012 1022 1102 1092 Quid,
1125 1039 1185 1080 non
1208 1027 1271 1080 erat
1292 1019 1435 1081 hostiliter
1456 1022 1637 1082 invadendus

339 1126 387 1203 qui
410 1124 507 1184 amico
529 1142 561 1184 se
584 1121 731 1202 colloquio
760 1122 880 1183 nolebat
902 1124 1102 1190 committere,
1131 1129 1160 1183 et
1186 1140 1242 1199 ope
1270 1130 1357 1201 atque
1385 1122 1489 1200 opibus
1517 1122 1638 1200 gerebat

317 1224 469 1286 ibellum?
501 1224 546 1286 'ln
568 1224 737 1302 pontificem
760 1223 868 1302 probas
891 1230 1002 1292 autem,
1032 1224 1082 1300 qui
1105 1242 1120 1282 a
1142 1225 1272 1300 praestito
1299 1225 1487 1284 iureiurando
1514 1224 1637 1285 absolvit

342 1344 535 1406 quemquam,
563 1325 674 1385 nedum
700 1326 849 1402 principes
877 1323 1056 1402 populorum
1078 1325 1128 1402 qui
1150 1323 1285 1395 absolvit,
1314 1327 1440 1403 quodam
1469 1326 1526 1385 hoc
1555 1329 1637 1406 qnasi

340 1446 429 1507 pomo
453 1427 623 1496 discordiae,
650 1446 709 1509 quo
732 1427 761 1485 in
784 1445 815 1486 se
838 1429 1037 1494 concitentur,
1062 1426 1193 1485 obiectet
1229 1426 1288 1485 lam
1311 1426 1450 1487 Henriclri
1472 1428 1527 1486 vita
1551 1427 1706 1506 lougetm.

341 1528 424 1590 aliter
446 1528 536 1589 habet
558 1547 646 1608 qnam
668 1527 758 1587 ltahci
782 1529 910 1605 produnt
932 1526 1068 1587 annales:
1096 1507 1177 1586 certe
1197 1529 1289 1595 euim,
1314 1529 1392 1606 qnod
1408 1537 1520 1588 veteres
1535 1529 1639 1588 biblio·

341 1632 435 1690 thec-m
457 1638 566 1689 nostrae
589 1629 732 1698 indicant,
761 1647 849 1689 neum
873 1648 995 1707 nsquam
1019 1627 1184 1705 diligentius
1206 1637 1275 1689 tune
1304 1648 1351 1689 res
1378 1631 1544 1707 principum
1567 1633 1638 1690 scri-

308 1731 446 1800 robebat,
475 1750 563 1809 quam
586 1730 663 1808 apud
687 1748 741 1789 nos
763 1731 908 1790 monaehi.
953 1731 1051 1800 Quare
1074 1748 1140 1789 cum
1162 1730 1336 1789 invenissem
1366 1749 1459 1808 nuper
1486 1732 1513 1789 in
1538 1731 1638 1791 euclem

343 1832 484 1894 l'uldensi
512 1830 688 1892 bibliotheca
718 1833 847 1910 quinque
877 1830 968 1890 libros
996 1830 1033 1890 de
1056 1833 1110 1890 vita
1133 1830 1274 1890 llonriclri
1296 1827 1493 1908 conscriptes,
1525 1832 1641 1891 hieraut

342 1942 441 1995 antem
469 1926 585 2011 plureS,
620 1933 672 1994 sed
699 1933 878 2010 posteriores
907 1931 947 1990 illi
976 1931 1090 2009 abrepti
1118 1940 1200 2002 snut,
1234 1930 1346 1992 scelere
1378 1933 1507 1993 arbitror
1535 1935 1640 1993 donem

343 2022 445 2114 Sylvii,
477 2035 528 2112 qui
550 2041 651 2112 postea
673 2035 819 2095 Pius'luit
840 2041 869 2094 et
890 2033 1097 2093 bibliothecam
1121 2052 1184 2093 eain
1214 2035 1319 2093 misero
1342 2034 1512 2102 devastavit,
1543 2035 1640 2095 addidi

344 2139 485 2198 continno
508 2155 541 2197 ea
564 2154 629 2214 quae
652 2137 680 2194 in
704 2135 851 2195 chronicis
866 2134 1062 2196 l'uldensibus
1084 2135 1120 2194 de
1144 2135 1246 2195 eadem
1270 2153 1303 2194 re
1325 2136 1432 2212 scripta
1447 2137 1558 2203 iuveni,
1582 2155 1641 2216 quo

313 2255 383 2299 isne
404 2237 534 2299 mundus
561 2238 677 2316 ignoret
704 2238 826 2306 diutius,
856 2235 958 2315 quales
987 2238 1095 2297 luerint
1122 2238 1172 2316 qui
1199 2235 1411 2314 displicuerunt
1432 2236 1524 2298 malis.
1569 2239 1710 2304 Pro-§.ie

345 2340 423 2402 lecto
445 2341 542 2399 minor
564 2338 618 2398 luit
640 2339 834 2416 scriptoribus
855 2337 934 2398 ltalis
956 2346 1126 2398 nostrorum
1149 2357 1234 2408 cura,
1259 2346 1287 2399 et
1302 2338 1474 2399 venerabilis
1497 2346 1541 2398 est
1563 2340 1641 2417 apud

345 2459 449 2502 omnes
472 2441 580 2518 passim
603 2443 736 2500 nationes
758 2442 972 2501 Germanorum
1001 2439 1073 2500 fides
1102 2448 1130 2501 et
1157 2442 1324 2518 integritas
1359 2460 1417 2519 quo
1440 2443 1536 2501 minus
1558 2441 1642 2502 dubi-

345 2551 409 2605 tare
439 2543 504 2622 quis
533 2542 625 2620 possit
652 2547 734 2601 utros
756 2542 854 2602 audiat
876 2543 982 2619 potins.
1028 2543 1135 2602 Verum
1157 2561 1195 2603 ne
1217 2543 1325 2610 diutins
1347 2543 1498 2620 praefando
1520 2562 1642 2621 suspen-

346 2645 414 2705 dam
435 2651 482 2713 te,
505 2646 645 2722 princeps
659 2643 682 2704 F
685 2638 859 2712 erdinaude,
882 2645 940 2703 iam
963 2643 999 2703 ad
1022 2644 1119 2720 ipsum
1140 2652 1170 2704 te
1192 2644 1314 2714 librum,
1338 2663 1426 2724 quem
1449 2645 1567 2715 dedico,
1593 2645 1642 2704 ad-

312 2746 477 2815 umittam,
500 2748 584 2806 onius
606 2752 650 2823 est
672 2747 729 2805 hoc
751 2752 966 2823 argumentum.

634 2897 890 2947 ARGVMENTVM
909 2897 947 2945 IN
966 2896 1186 2959 anvnNTnu
1205 2898 1353 2947 LIBRVM.

433 3000 494 3061 lain
524 3018 559 3060 eo
588 3008 774 3077 processerat
802 2981 965 3058 schismatis
994 3000 1157 3077 negotium,
1185 3006 1218 3059 ut
1246 2999 1390 3060 debellata
1418 3004 1546 3078 primum
1569 2999 1643 3061 urbe

347 3103 456 3174 lloma,
486 3107 553 3182 post
582 3102 675 3162 eiecto
704 3103 792 3161 etiam
815 3099 997 3179 lliltepranto
1028 3107 1114 3180 atque
1142 3102 1170 3160 iu
1199 3100 1283 3161 exilio
1307 3109 1437 3170 mortuo,
1468 3108 1497 3161 ct
1519 3103 1644 3162 lectione

349 3207 411 3266 eins
433 3206 463 3265 in
485 3202 565 3263 ltalia
588 3203 706 3282 quidem
729 3205 896 3281 consopita,
926 3204 954 3261 iu
979 3203 1134 3262 Germania
1157 3219 1226 3263 vero
1248 3205 1330 3263 victis
1359 3223 1392 3263 ao
1420 3203 1580 3281 profligatis
1602 3210 1645 3262 tot

314 3306 477 3383 „lectibus
506 3304 697 3373 exercitibus,
728 3304 821 3364 trihus
850 3306 935 3364 otiam
966 3304 1121 3364 adversum
1150 3305 1314 3365 constitutis
1343 3304 1463 3382 regibus
1486 3306 1594 3364 eversis
1616 3312 1645 3365 et

349 3408 546 3485 interemptis,
571 3419 739 3483 compressa
762 3407 790 3465 in
814 3405 890 3466 bene
912 3413 976 3465 acta
999 3414 1081 3483 parte
1104 3414 1201 3466 essent
1223 3406 1362 3466 llcnrichi
1384 3425 1448 3467 res:
1482 3425 1574 3466 riuum
1596 3425 1645 3467 sn-

349 3516 481 3587 pererat,
506 3506 647 3568 maledica
670 3509 699 3567 in
724 3525 791 3567 eum
814 3508 1049 3569 adversariorum
1071 3510 1189 3585 scripta.
1234 3509 1280 3568 lun
1295 3517 1378 3568 erant
1394 3509 1430 3568 ad
1446 3511 1540 3569 varios
1556 3507 1646 3568 lliltc-

350 3614 448 3690 pmnti
471 3618 625 3671 eteorum
648 3616 792 3689 quotquot
814 3608 853 3668 illi
877 3612 1022 3679 laverant,
1046 3609 1184 3687 epistolae.
1230 3611 1376 3670 Praeterea
1398 3611 1560 3670 monachus
1583 3612 1646 3689 qui·

351 3714 419 3774 dam
441 3712 637 3772 Hirsauiensis
660 3712 702 3791 (ut
723 3730 755 3771 se
778 3713 807 3770 in
830 3713 926 3771 onmia
950 3712 1034 3772 laeile
1057 3713 1196 3772 admiscet
1219 3731 1311 3790 gelius
1333 3712 1390 3774 hoc
1412 3713 1574 3793 hominum)
1604 3714 1646 3774 di·

316 3833 506 3881 mversarnm
528 3816 655 3891 partium
677 3813 842 3892 apologiam
865 3815 1016 3874 euriserat:
1051 3833 1111 3874 rron
1133 3815 1287 3874 terendum
1310 3816 1476 3885 ridebatur,
1508 3822 1540 3875 ut
1561 3833 1646 3893 spur·

352 3918 469 3978 sissima
495 3916 664 3975 intimorum
691 3915 841 3974 hominum
872 3914 1026 3975 maledicta
1056 3917 1085 3975 in
1114 3916 1202 3978 dubia
1230 3924 1328 3977 esseut
1349 3920 1502 3995 opinioue;
1540 3916 1648 3994 placuit

352 4017 534 4095 respondere
561 4018 596 4076 iis
624 4024 683 4076 tam
715 4035 772 4095 quo
802 4036 840 4076 ne
866 4018 985 4093 impune
1007 4018 1090 4078 lieret
1112 4018 1186 4079 haec
1208 4020 1318 4098 optimo
1341 4021 1510 4096 imperatori
1532 4020 1645 4087 iniuria,

353 4137 442 4199 quam
464 4127 556 4179 utne
578 4118 614 4178 ad
637 4119 814 4196 posteritatis
837 4137 954 4198 quoquc
977 4122 1148 4180 memoriam
1172 4122 1344 4198 pervaderet
1371 4121 1419 4180 hic
1447 4119 1648 4179 fraudulenter

353 4221 486 4283 obiectus
515 4221 643 4281 veritatis
672 4219 729 4281 luci
757 4220 864 4281 lomus.
917 4219 1015 4282 Eriliit
1043 4223 1195 4283 confestim
1225 4222 1273 4282 hic
1303 4224 1434 4299 quisquis
1463 4221 1530 4280 luit:
1569 4227 1649 4280 certe

319 4321 450 4391 amalus
472 4340 537 4383 esse
558 4340 618 4381 non
641 4324 736 4399 potuit
757 4324 806 4402 qui
829 4325 870 4383 sic
892 4325 1024 4400 scripsit:
1054 4323 1169 4389 exiluit,
1193 4331 1222 4383 et
1236 4325 1375 4400 optimam
1392 4339 1523 4382 caussam
1540 4322 1649 4397 optime

353 4426 430 4486 tueri
452 4440 610 4502 aggressus
632 4429 684 4483 cst.
730 4424 825 4494 Quam
847 4441 900 4483 nos
922 4427 1013 4502 ipsius
1041 4424 1206 4502 apologiam
1229 4426 1291 4485 siue
1313 4425 1499 4501 praelatione,
1529 4423 1591 4481 siue
1615 4424 1649 4481 ti·

355 4525 431 4594 tulo,
456 4527 542 4585 etiam
565 4545 580 4584 a
604 4526 661 4585 due
684 4525 829 4592 mutilam,
854 4529 1054 4604 antiquissimo
1077 4534 1106 4585 et
1128 4527 1203 4584 lorte
1226 4527 1367 4603 temporis
1389 4524 1464 4584 illius
1479 4523 1650 4584 charactere

354 4630 551 4705 conscriptam
580 4646 648 4687 cum
679 4628 904 4696 invenissemus,
934 4629 1117 4687 committere
1140 4625 1303 4695 noluimus,
1332 4634 1378 4697 ut,
1410 4645 1476 4687 cnm
1500 4634 1599 4687 extent
1620 4628 1669 4706 inq

354 4729 536 4790 Heurichnm
559 4729 700 4797 conlicta,
733 4731 774 4789 eis
797 4748 861 4807 quae
884 4730 1012 4788 veritalis
1034 4730 1186 4789 continent
1207 4729 1417 4796 adsertionem,
1442 4730 1519 4796 dies,
1543 4731 1599 4790 rita
1623 4736 1651 4789 ct
1705 4764 1707 4768 ν
1795 4777 1798 4782 .

424 4882 444 4915 ¹³
465 4882 574 4932 addidi
587 4884 613 4932 2.
634 4882 747 4931 .Addidi
762 4883 820 4931 Η.
879 4871 912 4913 '²⁰
930 4899 987 4948 qum
1004 4890 1063 4946 post
1080 4900 1101 4932 o.
1123 4882 1267 4932 oiliriittaur
1286 4885 1408 4936 dedimus.
1428 4887 1563 4933 rriiriscivoit
1576 4886 1650 4933 2...t.

355 4968 481 5038 Mogunt.
493 4984 529 5018 m.
542 4969 625 5018 Mart.
638 4967 784 5017 M.D.XX.
802 4973 895 5017 temere
913 4983 948 5019 ex
965 4968 1207 5034 bripreosoria'lr'bri‘
1222 4973 1333 5019 clanculo
1350 4969 1398 5020 duc
1414 4976 1560 5021 traxerunt.
1575 4973 1632 5023 Μ.
