3917 5950
484 644 489 653 '
511 633 595 688 cvn.
617 652 740 687 suarem
754 651 790 686 sn
803 651 948 687 runscrsc.
963 651 1027 687 sse.
1041 652 1178 687 rasucon.
1192 653 1234 687 sa.
1250 653 1275 687 n.
1289 645 1322 686 ts.
1337 654 1418 689 sunu.
1434 647 1491 691 toto.
1572 627 1646 698 245

346 828 408 872 suae
431 810 463 871 in
486 808 593 871 delitiis
614 807 736 879 babeat,
767 810 851 871 culros
877 816 982 889 quarto
1011 807 1118 869 abbiuo
1146 827 1223 869 auno
1252 810 1389 870 maritum
1413 813 1570 873 ‹iezeiderat
1616 815 1715 874 tntu

347 930 466 975 summa
495 920 527 975 tu
554 914 603 990 pie
633 919 662 972 et
692 913 773 990 regie
794 914 881 973 uitam
909 912 1073 980 instituisti,
1101 910 1149 971 ille
1177 929 1261 971 saera
1289 929 1406 990 semper
1437 916 1647 994 prophanaque

346 1016 447 1076 omnia
470 1013 591 1094 polluit;
625 1014 662 1074 de
685 1022 713 1074 te
736 1014 814 1075 nuilla
836 1012 905 1074 mali
927 1014 1066 1073 facinoris
1088 1015 1214 1092 suspirio
1237 1032 1367 1091 unquam
1390 1015 1460 1084 suit,
1486 1016 1534 1077 ille
1557 1037 1646 1095 peen-

346 1115 439 1187 lator,
463 1116 594 1186 adulter,
617 1115 708 1185 latro,
736 1116 882 1193 parricida
906 1123 935 1176 et
957 1117 1088 1175 ‹irrruium
1117 1117 1312 1193 pessimorum
1340 1116 1485 1178 scelerum
1509 1138 1542 1179 ao
1564 1120 1644 1196 llagi·
1679 1146 1687 1159 ·
1776 1159 1780 1168 ·

323 1220 458 1280 ⁵tiorum
481 1219 617 1288 nomine,
639 1217 759 1296 publico
782 1220 869 1278 etiam
891 1217 998 1278 iudieio
1022 1219 1170 1279 restrictus
1193 1224 1244 1277 est.
1284 1218 1320 1277 Et
1343 1238 1409 1278 eum
1432 1219 1490 1281 boe
1512 1230 1644 1282 monstro
1655 1231 1673 1280 t.
1683 1229 1713 1275 tu

345 1319 458 1400 aliquid
481 1320 534 1381 tibi
557 1338 731 1389 eomuruue,
759 1320 869 1381 nedum
891 1320 987 1380 imdrrs
1009 1326 1038 1379 et
1060 1321 1215 1380 aurieitimu
1240 1338 1304 1380 esso
1327 1319 1431 1379 velles?
1465 1321 1508 1381 ilii
1531 1322 1644 1394 melius,

345 1440 437 1502 ιῃιαιι]
467 1424 509 1484 sic
538 1428 621 1482 extra
647 1429 677 1482 te
704 1423 817 1499 positus
844 1439 974 1500 uuquam
997 1422 1045 1480 sis.
1091 1421 1255 1491 Quinetiam
1279 1440 1336 1481 uon
1360 1423 1395 1481 ad
1420 1423 1476 1482 boe
1498 1425 1527 1482 iu
1550 1425 1644 1485 budus

345 1531 498 1593 leverat,
527 1523 607 1602 quod
629 1524 840 1585 benefic-iorum
868 1526 944 1584 iuter
965 1542 1017 1582 ros
1045 1522 1104 1583 edla
1127 1542 1191 1583 esse
1213 1525 1379 1585 vicissitudo
1403 1526 1509 1602 possit,
1538 1526 1589 1586 sed
1613 1535 1644 1587 ut

345 1633 405 1687 tuae
433 1627 572 1704 potentiae
601 1625 722 1687 obtento
751 1645 817 1704 quae
844 1627 968 1686 nelauda
999 1624 1090 1685 rrirrlta
1119 1629 1310 1703 perpetravit,
1342 1645 1443 1687 eorum
1466 1627 1642 1705 supplicium

310 1726 336 1769 ¹⁶
345 1726 491 1787 declinet:
525 1727 642 1806 iamque
664 1726 760 1806 palam
783 1727 893 1788 Gallica
915 1727 1000 1788 uobis
1023 1746 1104 1787 arma
1126 1729 1275 1788 minitatur
1304 1736 1332 1788 et
1354 1736 1382 1788 te
1405 1729 1567 1789 rervieibus
1589 1749 1642 1789 no·

344 1829 416 1889 stris
436 1829 644 1906 impositmum
666 1848 698 1891 se
721 1848 827 1908 magno
850 1849 917 1890 eum
940 1837 1055 1888 terrore
1078 1831 1174 1889 iaetat.
1212 1829 1296 1899 Quod
1320 1832 1344 1889 si
1366 1848 1425 1890 nou
1447 1833 1529 1908 tingit
1546 1839 1574 1890 et
1589 1832 1709 1891 atsto.

345 1938 375 1991 te
396 1932 573 2009 promissam
595 1950 682 2010 opem
704 1938 816 1992 certam
838 1931 927 1991 babet
942 1937 1052 2009 tuorpre
1067 1932 1160 1991 fretus
1175 1930 1282 1991 auxilio
1297 1932 1382 1992 nobis
1397 1933 1526 2000 resistet,
1550 1952 1641 2011 ‹pirari-

343 2051 435 2112 quam
457 2033 630 2110 persuaderi
652 2034 709 2094 boc
737 2051 798 2093 non
820 2051 953 2111 possum,
982 2041 1079 2093 tarrreu
1108 2035 1132 2092 si
1162 2033 1291 2093 obtineat
1320 2034 1399 2103 dieo,
1428 2035 1520 2094 virum
1551 2041 1640 2104 tuam,

343 2152 416 2205 rex,
445 2133 547 2204 doleo,
576 2136 703 2212 primurn
733 2136 799 2213 quia
828 2136 939 2213 regiam
971 2136 1152 2194 maiestatem
1183 2134 1267 2194 uideo
1300 2133 1438 2212 impudiei
1470 2137 1640 2195 scortatoris

310 2235 484 2298 ”sordibus
506 2238 713 2307 contaminari,
742 2237 850 2298 deiude
873 2238 939 2315 qrria
962 2243 991 2296 te
1013 2237 1055 2295 sio
1078 2234 1200 2295 oblitum
1230 2237 1271 2296 tui
1292 2235 1412 2305 violabo,
1441 2244 1474 2295 ut
1495 2237 1639 2314 iniquissi-

342 2356 424 2399 mam
446 2337 675 2416 desperatissimi
695 2338 816 2398 latronis
832 2355 949 2398 euersam
966 2338 1181 2398 defendendam
1197 2340 1358 2415 suscipiens
1373 2345 1402 2397 te
1417 2345 1525 2416 tuaque
1540 2339 1636 2405 onmia

342 2440 373 2501 iu
395 2448 532 2519 apertum
554 2439 710 2501 discrimen
733 2440 871 2500 addueas.
916 2439 977 2499 lam
999 2447 1028 2499 te
1051 2439 1108 2499 boe
1130 2457 1189 2498 uon
1212 2438 1320 2499 caelabo
1349 2440 1441 2507 eninr,
1472 2441 1548 2499 uires
1574 2447 1699 2500 esset-¹2⁰

342 2541 429 2602 nobis
451 2559 526 2621 quas
547 2542 617 2602 satis
639 2543 752 2603 luturas
774 2549 912 2619 putemus
933 2559 994 2600 riou
1013 2549 1124 2601 tautum
1141 2540 1176 2601 ad
1193 2541 1273 2601 buno
1288 2542 1513 2611 destruendum,
1537 2561 1639 2603 verum

342 2645 432 2704 etiam
459 2643 601 2704 adversus
628 2660 824 2722 quancunque
853 2641 930 2702 illius
962 2644 1131 2704 societatem
1162 2661 1216 2703 nos
1243 2643 1469 2703 deiorrdeudum.
1514 2644 1639 2721 proinde

307 2745 386 2805 »sie
408 2745 520 2822 rogita,
543 2757 610 2814 rex,
633 2746 781 2822 provisum
805 2744 891 2805 nobis
914 2762 993 2813 esse,
1022 2745 1105 2823 siqua
1127 2745 1156 2803 in
1179 2744 1333 2804 adversum
1355 2746 1398 2803 uis
1420 2747 1550 2822 ingruat,
1574 2747 1637 2822 qui-

341 2846 398 2907 bus
420 2846 565 2924 praesidiis
586 2847 834 2924 quemadmodum
857 2866 915 2906 nou
938 2845 1034 2906 solum
1058 2864 1111 2904 uos
1133 2847 1380 2913 coruruuuiaums,
1414 2846 1465 2905 sod
1488 2847 1636 2923 «pleimundo

339 2948 476 3010 inimicos
498 2949 586 3008 etiam
608 2947 798 3010 debellemus.
842 2949 937 3026 Atque
959 2948 1017 3008 boo
1040 2966 1106 3008 oum
1129 2947 1181 3007 tibi
1205 2947 1376 3025 pradiearn,
1405 2950 1517 3025 etipsa
1547 2949 1705 3007 elianus-²¹.

339 3067 390 3110 res
411 3049 510 3127 palam
532 3050 626 3127 magis
647 3050 684 3108 sit
706 3068 794 3129 quain
817 3058 850 3111 ut
871 3057 901 3111 te
923 3053 1026 3128 iugero
1048 3052 1153 3129 possit,
1177 3051 1245 3128 qnid
1270 3058 1314 3109 est
1337 3068 1389 3109 eur
1400 3049 1456 3108 tibi
1472 3048 1635 3127 perieulum

339 3169 496 3211 accersere
528 3150 607 3211 ultro
625 3150 722 3238 ,vetise
758 3153 802 3212 bu
831 3153 869 3213 ita
898 3160 978 3212 earet
1006 3153 1161 3212 Gernmuia
1196 3151 1376 3220 boruiuibus,
1412 3159 1462 3211 aut
1489 3152 1562 3211 adeo
1588 3152 1635 3211 bie

306 3257 445 3314 ²⁵omnes
473 3253 628 3324 amicitiam
645 3247 853 3331 'aspernantur
882 3262 977 3323 triam,
1012 3261 1044 3313 ut.
1072 3254 1108 3313 ad
1136 3254 1284 3313 brulissimi
1313 3253 1439 3312 bominis
1466 3254 1634 3312 societatem

339 3354 504 3434 coningere
525 3354 578 3415 tibi
599 3373 720 3416 necesse
742 3356 796 3415 sit?
829 3356 996 3417 Clarissimo
1025 3375 1090 3426 rox,
1122 3358 1230 3434 optirue
1257 3356 1408 3432 prineops,
1436 3354 1495 3414 ntuli
1526 3356 1703 3414 laniuntur.

338 3457 422 3535 prius
444 3464 525 3518 tuam
548 3457 743 3535 pessundare,
766 3458 872 3519 ‹loimlo
894 3466 923 3519 te
946 3460 1032 3518 etiam
1055 3476 1238 3536 regnumque
1259 3465 1342 3518 truun
1365 3459 1394 3516 iu
1417 3467 1548 3534 pirano-ips
1568 3475 1634 3515 euru

339 3558 517 3627 abduxeris,
540 3557 638 3618 subito
659 3558 754 3637 lapsui
776 3561 935 3621 obnoxium
960 3563 1071 3620 faeere:
1106 3560 1193 3638 idque
1216 3560 1341 3620 bominis
1364 3578 1449 3619 eausa
1474 3560 1635 3636 utriunque

340 3677 428 3720 uranu
451 3667 628 3730 strennuus,
657 3679 753 3741 neque
776 3662 896 3723 oonsilio
919 3663 1016 3723 bouins
1043 3663 1097 3722 suit
1119 3681 1264 3740 utimum:
1298 3662 1381 3721 errius
1404 3670 1432 3721 te
1454 3659 1541 3719 urdbo
1563 3678 1635 3736 opes

308 3762 440 3822 eius-are
463 3768 515 3822 aut
535 3762 657 3823 uirtutes
678 3765 836 3824 bonostare
857 3771 995 3841 possunt,
1026 3764 1076 3822 sed
1101 3772 1202 3823 eontra
1226 3764 1275 3841 qui
1298 3765 1376 3822 ouini
1404 3764 1433 3822 iu
1456 3764 1535 3822 iruna
1557 3762 1633 3821 diem

340 3862 447 3924 malitia
471 3863 612 3942 preditus
633 3866 663 3924 iu
685 3865 900 3925 nefandissimis
922 3884 954 3923 se
976 3864 1138 3925 sceleribus
1163 3868 1308 3934 exercuit,
1340 3872 1368 3925 et
1395 3865 1478 3925 errius
1506 3872 1535 3923 te
1562 3883 1631 3922 eon-
1713 3857 1723 3870 '

339 3965 561 4026 taminatissima
587 3965 664 4044 apud
693 3984 796 4026 onrnes
818 3966 992 4026 existimatio
1016 3967 1050 4026 ad
1075 3984 1176 4044 parom
1198 3969 1345 4027 iulanniam
1369 3967 1502 4026 adducet.
1549 3966 1701 4025 llunrtro.

340 4075 384 4137 tu,
415 4068 552 4145 iuquam,
581 4067 664 4144 stige,
695 4086 763 4134 rex,
794 4068 817 4127 si
846 4067 958 4128 alienus
986 4089 1031 4137 es:
1069 4071 1093 4128 si
1122 4071 1309 4138 eouiuuetns,
1339 4069 1454 4127 desero:
1492 4068 1631 4127 rustieaui

340 4168 474 4229 bomines
501 4175 531 4228 et
560 4175 690 4228 extreme
717 4169 806 4229 rudes
835 4168 956 4229 Helvetii
985 4190 1052 4231 eum
1075 4171 1277 4232 validomano
1301 4172 1329 4229 iu
1352 4169 1491 4230 auxilium
1514 4169 1631 4244 iarnpri·

309 4270 407 4332 eoem
426 4268 506 4330 illius
528 4269 680 4339 exiissent,
704 4272 881 4333 couscientia
903 4261 987 4342 laeti,
1011 4273 1136 4351 ‹piradam
1160 4274 1246 4332 etiam
1268 4272 1333 4331 iidoi
1357 4290 1415 4331 suae
1437 4289 1504 4330 eum
1521 4270 1631 4327 iactura

338 4525 393 4587 udi
408 4521 414 4590 Ι
429 4523 490 4587 ιίὶῐίι
508 4523 611 4587 staden
629 4524 700 4588 teitu
717 4522 750 4588 jn
768 4525 908 4589 refundit.
925 4522 930 4591 Ι
945 4525 999 4578 vna
1015 4534 1059 4579 ans
1078 4525 1197 4586 uolitant
1216 4525 1262 4576 mit
1279 4524 1362 4575 orirer
1380 4526 1454 4586 boort
1471 4519 1475 4590 l
1492 4519 1562 4582 tulit
1581 4522 1631 4573 bit-

329 4609 375 4674 ‚liq
392 4609 464 4661 ehu
483 4605 551 4672 &tet
567 4615 638 4662 aaut.
655 4605 660 4674 Ι
675 4610 731 4673 Duri
744 4609 774 4661 ub
789 4616 823 4660 uu
842 4609 925 4671 [elide
949 4612 1019 4674 molit
1043 4606 1179 4674 orrptimtl
1196 4612 1231 4667 So
1257 4608 1358 4670 trtibftu
1382 4610 1437 4669 aad)
1455 4607 1501 4659 init
1517 4604 1545 4670 jt
1560 4608 1631 4660 atini

338 4692 439 4758 [stupf.
461 4688 542 4759 1311
565 4693 595 4744 ab
618 4692 811 4756 [lentitudo
835 4693 917 4756 molid
935 4694 1013 4756 penali
1029 4690 1034 4759 l
1049 4692 1100 4756 so
1119 4702 1171 4756 nott
1196 4694 1239 4744 nde
1262 4694 1293 4755 itt
1319 4694 1358 4744 rit
1382 4694 1471 4758 [dunat
1496 4692 1520 4754 [u
1543 4690 1630 4755 atui.u

338 4776 354 4810 ¹⁴
372 4778 474 4828 videbo
488 4778 525 4827 H.
540 4780 566 4827 2.
620 4775 643 4810 ¹⁵
659 4777 760 4828 videbo
778 4778 857 4827 deleo.
873 4780 907 4827 ΙΙ.
924 4781 949 4827 3.
1002 4777 1024 4808 ²⁷³
1043 4778 1077 4826 ud
1096 4779 1174 4826 delae.
1194 4784 1218 4825 et
1232 4777 1378 4825 admittere
1396 4777 1455 4841 ipro
1469 4777 1631 4838 confugerat

335 4867 423 4926 scripu.
438 4862 476 4911 H.
493 4861 520 4911 ³.
584 4860 606 4893 υ
625 4867 753 4911 strenuus
766 4864 792 4909 2.
801 4863 827 4910 3.
892 4858 915 4891 ³⁸
934 4867 962 4909 et
981 4868 1048 4911 em.
1105 4860 1240 4925 Heluetii]
1260 4863 1394 4926 imprimis
1413 4864 1494 4911 rudos
1513 4863 1631 4911 Svitzeri

335 4963 402 4998 corr.
415 4947 453 4998 ΙΙ.
470 4948 497 4999 3.
550 4943 573 4977 ³⁵
592 4945 673 5014 quad.
740 4943 860 5011 instruo]
881 4945 999 5012 quodam
1018 4947 1102 4996 etiam
1123 4961 1183 4996 eum
1202 4927 1326 5011 p'oriculo
1345 4947 1409 4997 fidei
1426 4963 1495 4996 corr.
1510 4946 1545 4994 ΙΙ.
1561 4946 1586 4995 3.
