<?xml version="1.0" encoding="UTF-8"?>
<!DOCTYPE html PUBLIC "-//W3C//DTD XHTML 1.0 Transitional//EN"
    "http://www.w3.org/TR/xhtml1/DTD/xhtml1-transitional.dtd">
<html xmlns="http://www.w3.org/1999/xhtml" xml:lang="en" lang="en">
 <head>
  <title>
</title>
<meta http-equiv="Content-Type" content="text/html;charset=utf-8" />
  <meta name='ocr-system' content='tesseract 3.04.00' />
  <meta name='ocr-capabilities' content='ocr_page ocr_carea ocr_par ocr_line ocrx_word'/>
</head>
<body>
  <div class='ocr_page' id='page_1' title='image "./ulrichihuttenie07huttgoog_0236.png"; bbox 0 0 3917 5950; ppageno 0'>
   <div class='ocr_carea' id='block_1_1' title="bbox 415 601 1709 675">
    <p class='ocr_par' dir='ltr' id='par_1_1' title="bbox 415 601 1709 675">
     <span class='ocr_line' id='line_1_1' title="bbox 415 601 1709 675; baseline 0.002 -7"><span class='ocrx_word' id='word_1_1' title='bbox 415 601 486 675; x_wconf 78' lang='grc'><strong>106</strong></span> <span class='ocrx_word' id='word_1_2' title='bbox 513 618 623 669; x_wconf 76' lang='lat' dir='ltr'><strong>XXXV·</strong></span> <span class='ocrx_word' id='word_1_3' title='bbox 642 634 766 669; x_wconf 68' lang='lat' dir='ltr'><strong>nurum</strong></span> <span class='ocrx_word' id='word_1_4' title='bbox 778 633 815 668; x_wconf 76' lang='lat' dir='ltr'><strong>An</strong></span> <span class='ocrx_word' id='word_1_5' title='bbox 827 634 996 669; x_wconf 68' lang='lat' dir='ltr'><strong>senemr.</strong></span> <span class='ocrx_word' id='word_1_6' title='bbox 1004 626 1135 671; x_wconf 53' lang='lat' dir='ltr'><strong>issi-IVL-</strong></span> <span class='ocrx_word' id='word_1_7' title='bbox 1145 628 1205 670; x_wconf 68' lang='lat'><strong>1518.</strong></span> <span class='ocrx_word' id='word_1_8' title='bbox 1222 621 1346 671; x_wconf 73' lang='lat' dir='ltr'>XXXVI·</span> <span class='ocrx_word' id='word_1_9' title='bbox 1360 638 1563 674; x_wconf 66' lang='lat' dir='ltr'><strong>mmmmm</strong></span> <span class='ocrx_word' id='word_1_10' title='bbox 1573 637 1709 674; x_wconf 72' lang='lat' dir='ltr'><strong>ncracu.</strong></span> 
     </span>
    </p>
   </div>
   <div class='ocr_carea' id='block_1_2' title="bbox 321 789 1741 1889">
    <p class='ocr_par' dir='ltr' id='par_1_2' title="bbox 355 789 1728 1384">
     <span class='ocr_line' id='line_1_2' title="bbox 355 789 1710 871; baseline 0.002 -21"><span class='ocrx_word' id='word_1_11' title='bbox 355 792 404 844; x_wconf 76' lang='lat' dir='ltr'><strong>§.a</strong></span> <span class='ocrx_word' id='word_1_12' title='bbox 413 790 568 869; x_wconf 83' lang='lat' dir='ltr'><strong>insignitus</strong></span> <span class='ocrx_word' id='word_1_13' title='bbox 588 807 670 860; x_wconf 89' lang='lat' dir='ltr'><strong>sum,</strong></span> <span class='ocrx_word' id='word_1_14' title='bbox 693 796 834 867; x_wconf 82' lang='lat' dir='ltr'><strong>preterea</strong></span> <span class='ocrx_word' id='word_1_15' title='bbox 857 789 926 851; x_wconf 87' lang='lat' dir='ltr'><strong>mali</strong></span> <span class='ocrx_word' id='word_1_16' title='bbox 947 790 1020 852; x_wconf 88' lang='lat' dir='ltr'>nihil</span> <span class='ocrx_word' id='word_1_17' title='bbox 1042 792 1152 871; x_wconf 86' lang='lat' dir='ltr'><strong>accepi.</strong></span> <span class='ocrx_word' id='word_1_18' title='bbox 1191 789 1350 851; x_wconf 87' lang='lat' dir='ltr'><strong>immodica</strong></span> <span class='ocrx_word' id='word_1_19' title='bbox 1373 799 1421 853; x_wconf 89' lang='lat' dir='ltr'><strong>est</strong></span> <span class='ocrx_word' id='word_1_20' title='bbox 1441 809 1496 870; x_wconf 82' lang='lat' dir='ltr'><strong>per</strong></span> <span class='ocrx_word' id='word_1_21' title='bbox 1517 798 1611 853; x_wconf 87' lang='lat' dir='ltr'><strong>totam</strong></span> <span class='ocrx_word' id='word_1_22' title='bbox 1633 810 1710 871; x_wconf 89' lang='lat' dir='ltr'><strong>pene</strong></span> 
     </span>
     <span class='ocr_line' id='line_1_3' title="bbox 411 889 1707 970; baseline 0 -17"><span class='ocrx_word' id='word_1_23' title='bbox 411 890 524 953; x_wconf 85' lang='lat' dir='ltr'><strong>ltaliam</strong></span> <span class='ocrx_word' id='word_1_24' title='bbox 545 889 696 952; x_wconf 83' lang='lat' dir='ltr'><strong>Gallorum</strong></span> <span class='ocrx_word' id='word_1_25' title='bbox 724 890 870 970; x_wconf 86' lang='lat' dir='ltr'><strong>superbia.</strong></span> <span class='ocrx_word' id='word_1_26' title='bbox 921 893 961 953; x_wconf 90' lang='lat' dir='ltr'><strong>dii</strong></span> <span class='ocrx_word' id='word_1_27' title='bbox 990 894 1082 954; x_wconf 80' lang='lat' dir='ltr'><strong>faxint</strong></span> <span class='ocrx_word' id='word_1_28' title='bbox 1109 894 1272 956; x_wconf 85' lang='lat' dir='ltr'><strong>Germanos</strong></span> <span class='ocrx_word' id='word_1_29' title='bbox 1299 911 1354 953; x_wconf 85' lang='lat' dir='ltr'><strong>uos</strong></span> <span class='ocrx_word' id='word_1_30' title='bbox 1383 911 1447 955; x_wconf 87' lang='lat' dir='ltr'><strong>esse</strong></span> <span class='ocrx_word' id='word_1_31' title='bbox 1475 895 1707 956; x_wconf 83' lang='lat' dir='ltr'>meminerimus.</span> 
     </span>
     <span class='ocr_line' id='line_1_4' title="bbox 411 993 1704 1077; baseline 0.002 -22"><span class='ocrx_word' id='word_1_32' title='bbox 411 993 454 1055; x_wconf 83' lang='lat' dir='ltr'><strong>lle</strong></span> <span class='ocrx_word' id='word_1_33' title='bbox 476 993 633 1072; x_wconf 75' lang='lat' dir='ltr'><strong>eapntous</strong></span> <span class='ocrx_word' id='word_1_34' title='bbox 654 995 761 1054; x_wconf 91' lang='lat' dir='ltr'><strong>summi</strong></span> <span class='ocrx_word' id='word_1_35' title='bbox 782 993 836 1054; x_wconf 85' lang='lat' dir='ltr'><strong>viri</strong></span> <span class='ocrx_word' id='word_1_36' title='bbox 858 1012 946 1055; x_wconf 88' lang='lat' dir='ltr'><strong>eausa</strong></span> <span class='ocrx_word' id='word_1_37' title='bbox 968 994 1045 1056; x_wconf 91' lang='lat' dir='ltr'><strong>bene</strong></span> <span class='ocrx_word' id='word_1_38' title='bbox 1066 1002 1096 1056; x_wconf 91' lang='lat' dir='ltr'><strong>te</strong></span> <span class='ocrx_word' id='word_1_39' title='bbox 1117 1013 1239 1074; x_wconf 86' lang='lat' dir='ltr'><strong>sperare</strong></span> <span class='ocrx_word' id='word_1_40' title='bbox 1259 994 1363 1056; x_wconf 87' lang='lat' dir='ltr'><strong>iubeo:</strong></span> <span class='ocrx_word' id='word_1_41' title='bbox 1392 995 1472 1056; x_wconf 90' lang='lat' dir='ltr'><strong>salus</strong></span> <span class='ocrx_word' id='word_1_42' title='bbox 1491 997 1521 1057; x_wconf 89' lang='lat' dir='ltr'><strong>iu</strong></span> <span class='ocrx_word' id='word_1_43' title='bbox 1535 1000 1538 1005; x_wconf 87' lang='lat'>&#39;</span> <span class='ocrx_word' id='word_1_44' title='bbox 1549 1001 1704 1077; x_wconf 84' lang='lat' dir='ltr'><strong>procinctu</strong></span> 
     </span>
     <span class='ocr_line' id='line_1_5' title="bbox 412 1094 1708 1179; baseline 0 -22"><span class='ocrx_word' id='word_1_45' title='bbox 412 1102 468 1157; x_wconf 83' lang='lat' dir='ltr'><strong>est:</strong></span> <span class='ocrx_word' id='word_1_46' title='bbox 493 1095 686 1174; x_wconf 85' lang='lat' dir='ltr'><strong>llogostratus</strong></span> <span class='ocrx_word' id='word_1_47' title='bbox 708 1094 952 1176; x_wconf 82' lang='lat' dir='ltr'><strong>theologistarum</strong></span> <span class='ocrx_word' id='word_1_48' title='bbox 974 1096 1061 1175; x_wconf 90' lang='lat' dir='ltr'><strong>alpha</strong></span> <span class='ocrx_word' id='word_1_49' title='bbox 1083 1099 1194 1176; x_wconf 82' lang='lat' dir='ltr'><strong>ingenti</strong></span> <span class='ocrx_word' id='word_1_50' title='bbox 1216 1097 1336 1159; x_wconf 87' lang='lat' dir='ltr'><strong>decocta</strong></span> <span class='ocrx_word' id='word_1_51' title='bbox 1359 1099 1483 1179; x_wconf 75' lang='lat' dir='ltr'><strong>pecunia</strong></span> <span class='ocrx_word' id='word_1_52' title='bbox 1514 1097 1597 1178; x_wconf 84' lang='lat' dir='ltr'><strong>(tanti</strong></span> <span class='ocrx_word' id='word_1_53' title='bbox 1626 1116 1708 1176; x_wconf 89' lang='lat' dir='ltr'><strong>spem</strong></span> 
     </span>
     <span class='ocr_line' id='line_1_6' title="bbox 411 1196 1728 1279; baseline 0 -20"><span class='ocrx_word' id='word_1_54' title='bbox 411 1205 495 1259; x_wconf 82' lang='lat' dir='ltr'><strong>stram</strong></span> <span class='ocrx_word' id='word_1_55' title='bbox 517 1199 595 1277; x_wconf 88' lang='lat' dir='ltr'><strong>emit)</strong></span> <span class='ocrx_word' id='word_1_56' title='bbox 618 1196 690 1259; x_wconf 88' lang='lat' dir='ltr'>nihil</span> <span class='ocrx_word' id='word_1_57' title='bbox 712 1199 822 1270; x_wconf 81' lang='lat' dir='ltr'><strong>effecit,</strong></span> <span class='ocrx_word' id='word_1_58' title='bbox 846 1200 955 1278; x_wconf 88' lang='lat' dir='ltr'><strong>quique</strong></span> <span class='ocrx_word' id='word_1_59' title='bbox 976 1197 1047 1259; x_wconf 90' lang='lat' dir='ltr'><strong>olim</strong></span> <span class='ocrx_word' id='word_1_60' title='bbox 1068 1201 1198 1279; x_wconf 86' lang='lat' dir='ltr'><strong>potentia</strong></span> <span class='ocrx_word' id='word_1_61' title='bbox 1220 1200 1312 1261; x_wconf 82' lang='lat' dir='ltr'><strong>fretus</strong></span> <span class='ocrx_word' id='word_1_62' title='bbox 1326 1217 1379 1259; x_wconf 88' lang='lat' dir='ltr'><strong>sua</strong></span> <span class='ocrx_word' id='word_1_63' title='bbox 1394 1201 1506 1279; x_wconf 89' lang='lat' dir='ltr'><strong>optimo</strong></span> <span class='ocrx_word' id='word_1_64' title='bbox 1521 1202 1629 1279; x_wconf 87' lang='lat' dir='ltr'><strong>cuique</strong></span> <span class='ocrx_word' id='word_1_65' title='bbox 1643 1212 1728 1260; x_wconf 84' lang='lat' dir='ltr'><strong>m0·⁵</strong></span> 
     </span>
     <span class='ocr_line' id='line_1_7' title="bbox 410 1287 1709 1384; baseline 0.002 -25"><span class='ocrx_word' id='word_1_66' title='bbox 410 1298 501 1361; x_wconf 91' lang='lat' dir='ltr'><strong>lestus</strong></span> <span class='ocrx_word' id='word_1_67' title='bbox 516 1299 599 1361; x_wconf 81' lang='lat' dir='ltr'><strong>facile</strong></span> <span class='ocrx_word' id='word_1_68' title='bbox 614 1301 683 1372; x_wconf 89' lang='lat' dir='ltr'><strong>luit,</strong></span> <span class='ocrx_word' id='word_1_69' title='bbox 705 1295 746 1383; x_wconf 77' lang='grc' dir='ltr'><strong>τῇ</strong></span> <span class='ocrx_word' id='word_1_70' title='bbox 766 1296 897 1384; x_wconf 78' lang='grc' dir='ltr'><strong><em>κεφαλῇ</em></strong></span> <span class='ocrx_word' id='word_1_71' title='bbox 918 1289 979 1361; x_wconf 79' lang='grc' dir='ltr'><strong>τὸν</strong></span> <span class='ocrx_word' id='word_1_72' title='bbox 1001 1287 1151 1381; x_wconf 78' lang='grc' dir='ltr'><strong><em>οὐρανὸν</em></strong></span> <span class='ocrx_word' id='word_1_73' title='bbox 1169 1291 1366 1382; x_wconf 61' lang='lat' dir='ltr'><strong>deusdedem</strong></span> <span class='ocrx_word' id='word_1_74' title='bbox 1380 1294 1574 1382; x_wconf 73' lang='grc' dir='ltr'><strong><em>ἐπιχειρῶν,</em></strong></span> <span class='ocrx_word' id='word_1_75' title='bbox 1599 1303 1709 1363; x_wconf 79' lang='lat' dir='ltr'><strong>tractus</strong></span> 
     </span>
    </p>

    <p class='ocr_par' dir='ltr' id='par_1_3' title="bbox 352 1402 1708 1584">
     <span class='ocr_line' id='line_1_8' title="bbox 352 1402 1708 1482; baseline 0.002 -22"><span class='ocrx_word' id='word_1_76' title='bbox 352 1409 399 1460; x_wconf 63' lang='lat' dir='ltr'><strong>§d-</strong></span> <span class='ocrx_word' id='word_1_77' title='bbox 412 1403 510 1462; x_wconf 86' lang='lat' dir='ltr'><strong>auimo</strong></span> <span class='ocrx_word' id='word_1_78' title='bbox 533 1409 577 1463; x_wconf 89' lang='lat' dir='ltr'><strong>est</strong></span> <span class='ocrx_word' id='word_1_79' title='bbox 598 1402 812 1481; x_wconf 75' lang='lat' dir='ltr'><strong>destitutusque</strong></span> <span class='ocrx_word' id='word_1_80' title='bbox 834 1402 921 1482; x_wconf 84' lang='lat' dir='ltr'><strong>lupus</strong></span> <span class='ocrx_word' id='word_1_81' title='bbox 942 1403 1027 1464; x_wconf 88' lang='lat' dir='ltr'><strong>hians</strong></span> <span class='ocrx_word' id='word_1_82' title='bbox 1054 1402 1186 1465; x_wconf 81' lang='lat' dir='ltr'><strong>discedit.</strong></span> <span class='ocrx_word' id='word_1_83' title='bbox 1231 1402 1372 1464; x_wconf 89' lang='lat' dir='ltr'><strong>Erasmus</strong></span> <span class='ocrx_word' id='word_1_84' title='bbox 1398 1403 1529 1482; x_wconf 85' lang='lat' dir='ltr'><strong>pontifici</strong></span> <span class='ocrx_word' id='word_1_85' title='bbox 1558 1420 1708 1463; x_wconf 82' lang='lat' dir='ltr'><strong>eonrmeu·</strong></span> 
     </span>
     <span class='ocr_line' id='line_1_9' title="bbox 411 1503 1707 1584; baseline 0 -20"><span class='ocrx_word' id='word_1_86' title='bbox 411 1504 489 1565; x_wconf 83' lang='lat' dir='ltr'><strong>davit</strong></span> <span class='ocrx_word' id='word_1_87' title='bbox 511 1503 690 1582; x_wconf 72' lang='lat' dir='ltr'><strong>dapniouem</strong></span> <span class='ocrx_word' id='word_1_88' title='bbox 711 1504 812 1565; x_wconf 87' lang='lat' dir='ltr'><strong>literis.</strong></span> <span class='ocrx_word' id='word_1_89' title='bbox 856 1503 936 1565; x_wconf 86' lang='lat' dir='ltr'><strong>Duos</strong></span> <span class='ocrx_word' id='word_1_90' title='bbox 957 1504 1123 1566; x_wconf 69' lang='lat' dir='ltr'><strong>Germaniae</strong></span> <span class='ocrx_word' id='word_1_91' title='bbox 1145 1503 1246 1566; x_wconf 79' lang='lat' dir='ltr'><strong>ocados</strong></span> <span class='ocrx_word' id='word_1_92' title='bbox 1269 1506 1348 1565; x_wconf 87' lang='lat' dir='ltr'><strong>omui</strong></span> <span class='ocrx_word' id='word_1_93' title='bbox 1367 1505 1464 1566; x_wconf 86' lang='lat' dir='ltr'><strong>studio</strong></span> <span class='ocrx_word' id='word_1_94' title='bbox 1479 1503 1643 1584; x_wconf 82' lang='lat' dir='ltr'><strong>amplexari</strong></span> <span class='ocrx_word' id='word_1_95' title='bbox 1658 1504 1707 1565; x_wconf 87' lang='lat' dir='ltr'><strong>de-</strong></span> 
     </span>
    </p>

    <p class='ocr_par' dir='ltr' id='par_1_4' title="bbox 321 1605 1741 1889">
     <span class='ocr_line' id='line_1_10' title="bbox 321 1605 1708 1685; baseline -0.001 -17"><span class='ocrx_word' id='word_1_96' title='bbox 321 1662 324 1668; x_wconf 88' lang='lat'><em>.</em></span> <span class='ocrx_word' id='word_1_97' title='bbox 410 1605 530 1667; x_wconf 88' lang='lat' dir='ltr'><strong>bemus:</strong></span> <span class='ocrx_word' id='word_1_98' title='bbox 554 1623 608 1684; x_wconf 87' lang='lat' dir='ltr'><strong>per</strong></span> <span class='ocrx_word' id='word_1_99' title='bbox 630 1623 681 1667; x_wconf 88' lang='lat' dir='ltr'><strong>ecs</strong></span> <span class='ocrx_word' id='word_1_100' title='bbox 703 1607 781 1667; x_wconf 91' lang='lat' dir='ltr'><strong>euim</strong></span> <span class='ocrx_word' id='word_1_101' title='bbox 803 1605 929 1678; x_wconf 81' lang='lat' dir='ltr'><strong>barbara</strong></span> <span class='ocrx_word' id='word_1_102' title='bbox 952 1624 1018 1667; x_wconf 89' lang='lat' dir='ltr'><strong>esse</strong></span> <span class='ocrx_word' id='word_1_103' title='bbox 1040 1607 1145 1669; x_wconf 87' lang='lat' dir='ltr'><strong>desiuit</strong></span> <span class='ocrx_word' id='word_1_104' title='bbox 1167 1607 1231 1668; x_wconf 82' lang='lat' dir='ltr'><strong>haee</strong></span> <span class='ocrx_word' id='word_1_105' title='bbox 1251 1608 1341 1668; x_wconf 83' lang='lat' dir='ltr'><strong>natio.</strong></span> <span class='ocrx_word' id='word_1_106' title='bbox 1385 1608 1443 1669; x_wconf 86' lang='lat' dir='ltr'><strong>Sed</strong></span> <span class='ocrx_word' id='word_1_107' title='bbox 1459 1608 1517 1668; x_wconf 90' lang='lat' dir='ltr'><strong>iam</strong></span> <span class='ocrx_word' id='word_1_108' title='bbox 1532 1608 1619 1675; x_wconf 90' lang='lat' dir='ltr'><strong>satis;</strong></span> <span class='ocrx_word' id='word_1_109' title='bbox 1643 1625 1708 1685; x_wconf 71' lang='lat' dir='ltr'><strong>quae</strong></span> 
     </span>
     <span class='ocr_line' id='line_1_11' title="bbox 411 1707 1741 1789; baseline 0 -22"><span class='ocrx_word' id='word_1_110' title='bbox 411 1707 447 1769; x_wconf 87' lang='lat' dir='ltr'><strong>ad</strong></span> <span class='ocrx_word' id='word_1_111' title='bbox 470 1714 500 1768; x_wconf 92' lang='lat' dir='ltr'><strong>te</strong></span> <span class='ocrx_word' id='word_1_112' title='bbox 521 1707 675 1769; x_wconf 88' lang='lat' dir='ltr'><strong>scribenda</strong></span> <span class='ocrx_word' id='word_1_113' title='bbox 698 1708 783 1778; x_wconf 84' lang='lat' dir='ltr'><strong>duxi,</strong></span> <span class='ocrx_word' id='word_1_114' title='bbox 812 1708 919 1770; x_wconf 87' lang='lat' dir='ltr'><strong>habes:</strong></span> <span class='ocrx_word' id='word_1_115' title='bbox 946 1715 980 1770; x_wconf 88' lang='lat' dir='ltr'><strong>tu</strong></span> <span class='ocrx_word' id='word_1_116' title='bbox 1001 1709 1128 1770; x_wconf 88' lang='lat' dir='ltr'><strong>vicissim</strong></span> <span class='ocrx_word' id='word_1_117' title='bbox 1153 1708 1262 1789; x_wconf 86' lang='lat' dir='ltr'><strong>aliquid</strong></span> <span class='ocrx_word' id='word_1_118' title='bbox 1290 1709 1402 1780; x_wconf 81' lang='lat' dir='ltr'><strong>scribe,</strong></span> <span class='ocrx_word' id='word_1_119' title='bbox 1429 1728 1465 1771; x_wconf 88' lang='lat' dir='ltr'><strong>ac</strong></span> <span class='ocrx_word' id='word_1_120' title='bbox 1491 1708 1565 1770; x_wconf 84' lang='lat' dir='ltr'><strong>mle.</strong></span> <span class='ocrx_word' id='word_1_121' title='bbox 1609 1708 1707 1768; x_wconf 86' lang='lat' dir='ltr'><strong>Bouc-</strong></span> <span class='ocrx_word' id='word_1_122' title='bbox 1718 1720 1741 1761; x_wconf 83' lang='lat'><strong>¹0</strong></span> 
     </span>
     <span class='ocr_line' id='line_1_12' title="bbox 411 1809 1253 1889; baseline 0.002 -19"><span class='ocrx_word' id='word_1_123' title='bbox 411 1811 480 1880; x_wconf 80' lang='lat' dir='ltr'><strong>niae,</strong></span> <span class='ocrx_word' id='word_1_124' title='bbox 504 1810 634 1873; x_wconf 77' lang='lat' dir='ltr'><strong>secumdo</strong></span> <span class='ocrx_word' id='word_1_125' title='bbox 656 1810 799 1872; x_wconf 84' lang='lat' dir='ltr'><strong>Calendas</strong></span> <span class='ocrx_word' id='word_1_126' title='bbox 820 1811 941 1889; x_wconf 74' lang='lat' dir='ltr'><strong>August.</strong></span> <span class='ocrx_word' id='word_1_127' title='bbox 986 1811 1070 1872; x_wconf 79' lang='lat' dir='ltr'><strong>Auno</strong></span> <span class='ocrx_word' id='word_1_128' title='bbox 1092 1809 1253 1873; x_wconf 87' lang='lat' dir='ltr'><strong>ll.D.XVl.</strong></span> 
     </span>
    </p>
   </div>
   <div class='ocr_carea' id='block_1_3' title="bbox 438 2182 1689 2265">
    <p class='ocr_par' dir='ltr' id='par_1_5' title="bbox 438 2182 1689 2265">
     <span class='ocr_line' id='line_1_13' title="bbox 438 2182 1689 2265; baseline -0.002 -15"><span class='ocrx_word' id='word_1_129' title='bbox 438 2215 578 2251; x_wconf 72' lang='lat' dir='ltr'><strong>nouorum.</strong></span> <span class='ocrx_word' id='word_1_130' title='bbox 964 2182 1148 2259; x_wconf 84' lang='lat' dir='ltr'><strong>XXXVI.</strong></span> <span class='ocrx_word' id='word_1_131' title='bbox 1442 2197 1480 2264; x_wconf 77' lang='lat' dir='ltr'><strong>[u.</strong></span> <span class='ocrx_word' id='word_1_132' title='bbox 1489 2196 1580 2265; x_wconf 78' lang='lat' dir='ltr'><strong>armo]</strong></span> <span class='ocrx_word' id='word_1_133' title='bbox 1594 2207 1689 2250; x_wconf 67' lang='lat' dir='ltr'><strong>miste.</strong></span> 
     </span>
    </p>
   </div>
   <div class='ocr_carea' id='block_1_4' title="bbox 1044 2321 1071 2381">
    <p class='ocr_par' dir='ltr' id='par_1_6' title="bbox 1044 2321 1071 2381">
     <span class='ocr_line' id='line_1_14' title="bbox 1044 2321 1071 2381; baseline 0 0"><span class='ocrx_word' id='word_1_134' title='bbox 1044 2321 1071 2381; x_wconf 90' lang='lat'><strong>1.</strong></span> 
     </span>
    </p>
   </div>
   <div class='ocr_carea' id='block_1_5' title="bbox 964 2439 1148 2575">
    <p class='ocr_par' dir='ltr' id='par_1_7' title="bbox 964 2439 1148 2575">
     <span class='ocr_line' id='line_1_15' title="bbox 964 2439 1148 2491; baseline -0.011 0"><span class='ocrx_word' id='word_1_135' title='bbox 964 2439 1148 2491; x_wconf 79' lang='lat' dir='ltr'><strong>EPISTOLA</strong></span> 
     </span>
     <span class='ocr_line' id='line_1_16' title="bbox 1040 2539 1077 2575; baseline 0 0"><span class='ocrx_word' id='word_1_136' title='bbox 1040 2539 1077 2575; x_wconf 74' lang='lat' dir='ltr'><strong>ln</strong></span> 
     </span>
    </p>
   </div>
   <div class='ocr_carea' id='block_1_6' title="bbox 740 2582 1392 2763">
    <p class='ocr_par' dir='ltr' id='par_1_8' title="bbox 740 2582 1392 2763">
     <span class='ocr_line' id='line_1_17' title="bbox 740 2582 1392 2676; baseline -0.003 -6"><span class='ocrx_word' id='word_1_137' title='bbox 740 2612 1099 2671; x_wconf 81' lang='lat' dir='ltr'><strong>uuxrururuuvu</strong></span> <span class='ocrx_word' id='word_1_138' title='bbox 1135 2582 1392 2676; x_wconf 61' lang='lat' dir='ltr'><strong>elusanam</strong></span> 
     </span>
     <span class='ocr_line' id='line_1_18' title="bbox 899 2710 1219 2763; baseline -0.009 0"><span class='ocrx_word' id='word_1_139' title='bbox 899 2713 1038 2763; x_wconf 78' lang='lat' dir='ltr'>ITALIAE</span> <span class='ocrx_word' id='word_1_140' title='bbox 1055 2710 1219 2762; x_wconf 83' lang='lat' dir='ltr'>FICTIOIA</span> 
     </span>
    </p>
   </div>
   <div class='ocr_carea' id='block_1_7' title="bbox 812 2811 1380 3051">
    <p class='ocr_par' dir='ltr' id='par_1_9' title="bbox 812 2811 1380 3051">
     <span class='ocr_line' id='line_1_19' title="bbox 812 2811 1380 2885; baseline 0 -10"><span class='ocrx_word' id='word_1_141' title='bbox 812 2812 1053 2877; x_wconf 77' lang='lat' dir='ltr'><strong>flvuuuulfflo</strong></span> <span class='ocrx_word' id='word_1_142' title='bbox 1075 2813 1125 2874; x_wconf 87' lang='lat' dir='ltr'><strong>DE</strong></span> <span class='ocrx_word' id='word_1_143' title='bbox 1145 2811 1298 2875; x_wconf 84' lang='lat' dir='ltr'>HVTTEN</span> <span class='ocrx_word' id='word_1_144' title='bbox 1373 2869 1380 2885; x_wconf 83' lang='lat'><em>,</em></span> 
     </span>
     <span class='ocr_line' id='line_1_20' title="bbox 990 2918 1111 2968; baseline -0.008 -8"><span class='ocrx_word' id='word_1_145' title='bbox 990 2918 1111 2968; x_wconf 69' lang='lat' dir='ltr'><strong>savrra</strong></span> 
     </span>
     <span class='ocr_line' id='line_1_21' title="bbox 891 3005 1137 3051; baseline 0.02 -5"><span class='ocrx_word' id='word_1_146' title='bbox 891 3012 916 3035; x_wconf 84' lang='lat'><strong>·</strong></span> <span class='ocrx_word' id='word_1_147' title='bbox 973 3005 1137 3051; x_wconf 76' lang='lat' dir='ltr'><strong>uvrnouu.</strong></span> 
     </span>
    </p>
   </div>
   <div class='ocr_carea' id='block_1_8' title="bbox 723 3134 1348 3206">
    <p class='ocr_par' dir='ltr' id='par_1_10' title="bbox 723 3134 1348 3206">
     <span class='ocr_line' id='line_1_22' title="bbox 723 3134 1348 3206; baseline -0.006 -15"><span class='ocrx_word' id='word_1_148' title='bbox 723 3197 727 3206; x_wconf 66' lang='grc'>,</span> <span class='ocrx_word' id='word_1_149' title='bbox 763 3139 889 3191; x_wconf 73' lang='lat' dir='ltr'><strong>mrum</strong></span> <span class='ocrx_word' id='word_1_150' title='bbox 905 3136 1157 3191; x_wconf 80' lang='lat' dir='ltr'><strong>uaxrummuo</strong></span> <span class='ocrx_word' id='word_1_151' title='bbox 1175 3134 1348 3189; x_wconf 70' lang='lat' dir='ltr'><strong>casem*</strong></span> 
     </span>
    </p>
   </div>
   <div class='ocr_carea' id='block_1_9' title="bbox 503 3255 1449 4464">
    <p class='ocr_par' dir='ltr' id='par_1_11' title="bbox 503 3255 1449 4464">
     <span class='ocr_line' id='line_1_23' title="bbox 560 3255 1404 3340; baseline -0.002 -20"><span class='ocrx_word' id='word_1_152' title='bbox 560 3260 640 3331; x_wconf 85' lang='lat' dir='ltr'><strong>Qua,</strong></span> <span class='ocrx_word' id='word_1_153' title='bbox 662 3262 687 3320; x_wconf 92' lang='lat' dir='ltr'><strong>si</strong></span> <span class='ocrx_word' id='word_1_154' title='bbox 709 3261 826 3340; x_wconf 87' lang='lat' dir='ltr'><strong>quaudo</strong></span> <span class='ocrx_word' id='word_1_155' title='bbox 849 3258 946 3330; x_wconf 88' lang='lat' dir='ltr'><strong>dahis,</strong></span> <span class='ocrx_word' id='word_1_156' title='bbox 969 3257 1109 3337; x_wconf 80' lang='lat' dir='ltr'><strong>gaudebit</strong></span> <span class='ocrx_word' id='word_1_157' title='bbox 1131 3263 1159 3319; x_wconf 90' lang='lat' dir='ltr'><strong>et</strong></span> <span class='ocrx_word' id='word_1_158' title='bbox 1179 3258 1258 3336; x_wconf 89' lang='lat' dir='ltr'><strong>ipsa,</strong></span> <span class='ocrx_word' id='word_1_159' title='bbox 1280 3255 1404 3319; x_wconf 89' lang='lat' dir='ltr'><strong>salutem</strong></span> 
     </span>
     <span class='ocr_line' id='line_1_24' title="bbox 631 3359 1197 3440; baseline -0.005 -18"><span class='ocrx_word' id='word_1_160' title='bbox 631 3362 746 3440; x_wconf 77' lang='lat' dir='ltr'><strong>decipis</strong></span> <span class='ocrx_word' id='word_1_161' title='bbox 767 3362 888 3432; x_wconf 84' lang='lat' dir='ltr'><strong>afflicta,</strong></span> <span class='ocrx_word' id='word_1_162' title='bbox 912 3361 1024 3431; x_wconf 74' lang='lat' dir='ltr'><strong>Cesar,</strong></span> <span class='ocrx_word' id='word_1_163' title='bbox 1048 3359 1085 3421; x_wconf 87' lang='lat' dir='ltr'><strong>ab</strong></span> <span class='ocrx_word' id='word_1_164' title='bbox 1107 3359 1197 3421; x_wconf 87' lang='lat' dir='ltr'><strong>ltalia.</strong></span> 
     </span>
     <span class='ocr_line' id='line_1_25' title="bbox 560 3460 1382 3543; baseline -0.002 -20"><span class='ocrx_word' id='word_1_165' title='bbox 560 3463 651 3524; x_wconf 81' lang='lat' dir='ltr'><strong>Fama</strong></span> <span class='ocrx_word' id='word_1_166' title='bbox 674 3472 738 3526; x_wconf 87' lang='lat' dir='ltr'><strong>erat</strong></span> <span class='ocrx_word' id='word_1_167' title='bbox 759 3466 879 3543; x_wconf 85' lang='lat' dir='ltr'><strong>antiquo</strong></span> <span class='ocrx_word' id='word_1_168' title='bbox 900 3470 951 3524; x_wconf 86' lang='lat' dir='ltr'><strong>tua</strong></span> <span class='ocrx_word' id='word_1_169' title='bbox 974 3468 1071 3524; x_wconf 87' lang='lat' dir='ltr'><strong>castra</strong></span> <span class='ocrx_word' id='word_1_170' title='bbox 1092 3480 1211 3522; x_wconf 72' lang='lat' dir='ltr'><strong>uterere</strong></span> <span class='ocrx_word' id='word_1_171' title='bbox 1232 3460 1382 3532; x_wconf 88' lang='lat' dir='ltr'><strong>Trideuto,</strong></span> 
     </span>
     <span class='ocr_line' id='line_1_26' title="bbox 518 3563 1261 3645; baseline -0.005 -18"><span class='ocrx_word' id='word_1_172' title='bbox 518 3589 530 3627; x_wconf 76' lang='lat' dir='ltr'><strong>r</strong></span> <span class='ocrx_word' id='word_1_173' title='bbox 630 3567 667 3627; x_wconf 89' lang='lat' dir='ltr'><strong>Et</strong></span> <span class='ocrx_word' id='word_1_174' title='bbox 688 3568 756 3645; x_wconf 86' lang='lat' dir='ltr'><strong>iuga</strong></span> <span class='ocrx_word' id='word_1_175' title='bbox 778 3566 950 3628; x_wconf 81' lang='lat' dir='ltr'><strong>illatorum</strong></span> <span class='ocrx_word' id='word_1_176' title='bbox 972 3563 1065 3626; x_wconf 89' lang='lat' dir='ltr'><strong>milite</strong></span> <span class='ocrx_word' id='word_1_177' title='bbox 1086 3563 1173 3643; x_wconf 87' lang='lat' dir='ltr'><strong>plena</strong></span> <span class='ocrx_word' id='word_1_178' title='bbox 1194 3570 1261 3624; x_wconf 87' lang='lat' dir='ltr'><strong>tuo:</strong></span> 
     </span>
     <span class='ocr_line' id='line_1_27' title="bbox 559 3665 1343 3743; baseline -0.006 -15"><span class='ocrx_word' id='word_1_179' title='bbox 559 3667 655 3729; x_wconf 82' lang='lat' dir='ltr'><strong>Exilui</strong></span> <span class='ocrx_word' id='word_1_180' title='bbox 677 3668 776 3729; x_wconf 83' lang='lat' dir='ltr'><strong>molita</strong></span> <span class='ocrx_word' id='word_1_181' title='bbox 798 3686 889 3729; x_wconf 88' lang='lat' dir='ltr'><strong>novos</strong></span> <span class='ocrx_word' id='word_1_182' title='bbox 910 3668 947 3729; x_wconf 92' lang='lat' dir='ltr'><strong>de</strong></span> <span class='ocrx_word' id='word_1_183' title='bbox 968 3684 1054 3728; x_wconf 87' lang='lat' dir='ltr'><strong>more</strong></span> <span class='ocrx_word' id='word_1_184' title='bbox 1074 3665 1250 3743; x_wconf 69' lang='lat' dir='ltr'><strong>trumphos,</strong></span> <span class='ocrx_word' id='word_1_185' title='bbox 1341 3706 1343 3710; x_wconf 68' lang='lat'>,</span> 
     </span>
     <span class='ocr_line' id='line_1_28' title="bbox 630 3765 1384 3849; baseline -0.005 -19"><span class='ocrx_word' id='word_1_186' title='bbox 630 3770 751 3849; x_wconf 86' lang='lat' dir='ltr'><strong>lamque</strong></span> <span class='ocrx_word' id='word_1_187' title='bbox 773 3765 847 3831; x_wconf 76' lang='lat' dir='ltr'><strong>adeo</strong></span> <span class='ocrx_word' id='word_1_188' title='bbox 869 3787 986 3831; x_wconf 89' lang='lat' dir='ltr'><strong>mecum</strong></span> <span class='ocrx_word' id='word_1_189' title='bbox 1009 3769 1067 3830; x_wconf 88' lang='lat' dir='ltr'><strong>hoe</strong></span> <span class='ocrx_word' id='word_1_190' title='bbox 1089 3766 1176 3829; x_wconf 88' lang='lat' dir='ltr'><strong>dulce</strong></span> <span class='ocrx_word' id='word_1_191' title='bbox 1197 3765 1321 3827; x_wconf 88' lang='lat' dir='ltr'><strong>sonabat</strong></span> <span class='ocrx_word' id='word_1_192' title='bbox 1342 3766 1384 3837; x_wconf 87' lang='lat' dir='ltr'><strong>lo,</strong></span> 
     </span>
     <span class='ocr_line' id='line_1_29' title="bbox 559 3868 1449 3951; baseline -0.003 -19"><span class='ocrx_word' id='word_1_193' title='bbox 559 3871 632 3932; x_wconf 86' lang='lat' dir='ltr'><strong>Cum</strong></span> <span class='ocrx_word' id='word_1_194' title='bbox 654 3871 773 3951; x_wconf 88' lang='lat' dir='ltr'><strong>quidam</strong></span> <span class='ocrx_word' id='word_1_195' title='bbox 796 3870 943 3949; x_wconf 84' lang='lat' dir='ltr'><strong>extemplo</strong></span> <span class='ocrx_word' id='word_1_196' title='bbox 965 3869 1107 3950; x_wconf 82' lang='lat' dir='ltr'><strong>quiddam</strong></span> <span class='ocrx_word' id='word_1_197' title='bbox 1129 3868 1200 3930; x_wconf 93' lang='lat' dir='ltr'><strong>mihi</strong></span> <span class='ocrx_word' id='word_1_198' title='bbox 1222 3869 1334 3930; x_wconf 86' lang='lat' dir='ltr'><strong>tristius</strong></span> <span class='ocrx_word' id='word_1_199' title='bbox 1356 3869 1449 3939; x_wconf 73' lang='lat' dir='ltr'><strong>alieri,</strong></span> 
     </span>
     <span class='ocr_line' id='line_1_30' title="bbox 516 3971 1272 4051; baseline -0.004 -18"><span class='ocrx_word' id='word_1_200' title='bbox 516 3993 529 4033; x_wconf 84' lang='lat' dir='ltr'><strong>s</strong></span> <span class='ocrx_word' id='word_1_201' title='bbox 627 3973 670 4034; x_wconf 88' lang='lat' dir='ltr'><strong>&#39;le</strong></span> <span class='ocrx_word' id='word_1_202' title='bbox 692 3972 781 4033; x_wconf 85' lang='lat' dir='ltr'><strong>modu</strong></span> <span class='ocrx_word' id='word_1_203' title='bbox 802 3974 952 4051; x_wconf 83' lang='lat' dir='ltr'><strong>suspensis</strong></span> <span class='ocrx_word' id='word_1_204' title='bbox 974 3971 1095 4034; x_wconf 83' lang='lat' dir='ltr'><strong>ausibus</strong></span> <span class='ocrx_word' id='word_1_205' title='bbox 1116 3971 1161 4033; x_wconf 85' lang='lat' dir='ltr'><strong>ire</strong></span> <span class='ocrx_word' id='word_1_206' title='bbox 1181 3976 1272 4032; x_wconf 87' lang='lat' dir='ltr'><strong>retro.</strong></span> 
     </span>
     <span class='ocr_line' id='line_1_31' title="bbox 557 4074 1255 4153; baseline -0.006 -17"><span class='ocrx_word' id='word_1_207' title='bbox 557 4075 685 4137; x_wconf 82' lang='lat' dir='ltr'><strong>Turbavi</strong></span> <span class='ocrx_word' id='word_1_208' title='bbox 707 4081 817 4136; x_wconf 85' lang='lat' dir='ltr'><strong>mutata</strong></span> <span class='ocrx_word' id='word_1_209' title='bbox 840 4092 939 4135; x_wconf 88' lang='lat' dir='ltr'><strong>eomas</strong></span> <span class='ocrx_word' id='word_1_210' title='bbox 960 4075 1106 4153; x_wconf 86' lang='lat' dir='ltr'><strong>posuique</strong></span> <span class='ocrx_word' id='word_1_211' title='bbox 1126 4074 1255 4133; x_wconf 84' lang='lat' dir='ltr'><strong>nitorem</strong></span> 
     </span>
     <span class='ocr_line' id='line_1_32' title="bbox 628 4174 1296 4257; baseline -0.007 -18"><span class='ocrx_word' id='word_1_212' title='bbox 628 4178 672 4239; x_wconf 83' lang='lat' dir='ltr'><strong>Ex</strong></span> <span class='ocrx_word' id='word_1_213' title='bbox 694 4176 771 4238; x_wconf 88' lang='lat' dir='ltr'><strong>male</strong></span> <span class='ocrx_word' id='word_1_214' title='bbox 792 4183 910 4257; x_wconf 84' lang='lat' dir='ltr'><strong>sperato</strong></span> <span class='ocrx_word' id='word_1_215' title='bbox 931 4183 1035 4238; x_wconf 75' lang='lat' dir='ltr'><strong>uroesta</strong></span> <span class='ocrx_word' id='word_1_216' title='bbox 1057 4181 1179 4255; x_wconf 86' lang='lat' dir='ltr'><strong>repente</strong></span> <span class='ocrx_word' id='word_1_217' title='bbox 1200 4174 1296 4245; x_wconf 86' lang='lat' dir='ltr'><strong>bouo;</strong></span> 
     </span>
     <span class='ocr_line' id='line_1_33' title="bbox 557 4277 1264 4361; baseline -0.007 -19"><span class='ocrx_word' id='word_1_218' title='bbox 557 4280 685 4361; x_wconf 85' lang='lat' dir='ltr'><strong>Deposui</strong></span> <span class='ocrx_word' id='word_1_219' title='bbox 708 4280 819 4359; x_wconf 84' lang='lat' dir='ltr'><strong>digitis,</strong></span> <span class='ocrx_word' id='word_1_220' title='bbox 843 4279 935 4341; x_wconf 85' lang='lat' dir='ltr'><strong>abieci</strong></span> <span class='ocrx_word' id='word_1_221' title='bbox 957 4283 974 4339; x_wconf 75' lang='lat' dir='ltr'><strong>a</strong></span> <span class='ocrx_word' id='word_1_222' title='bbox 996 4277 1127 4340; x_wconf 80' lang='lat' dir='ltr'><strong>vestibus</strong></span> <span class='ocrx_word' id='word_1_223' title='bbox 1148 4294 1264 4348; x_wconf 81' lang='lat' dir='ltr'><strong>aurum,</strong></span> 
     </span>
     <span class='ocr_line' id='line_1_34' title="bbox 503 4379 1341 4464; baseline -0.005 -21"><span class='ocrx_word' id='word_1_224' title='bbox 503 4402 527 4444; x_wconf 84' lang='lat' dir='ltr'><strong>u</strong></span> <span class='ocrx_word' id='word_1_225' title='bbox 629 4383 665 4445; x_wconf 86' lang='lat' dir='ltr'><strong>Et</strong></span> <span class='ocrx_word' id='word_1_226' title='bbox 686 4382 802 4464; x_wconf 82' lang='lat' dir='ltr'><strong>gemui,</strong></span> <span class='ocrx_word' id='word_1_227' title='bbox 826 4388 856 4444; x_wconf 91' lang='lat' dir='ltr'><strong>et</strong></span> <span class='ocrx_word' id='word_1_228' title='bbox 876 4380 1034 4462; x_wconf 82' lang='lat' dir='ltr'><strong>lachrymis</strong></span> <span class='ocrx_word' id='word_1_229' title='bbox 1055 4379 1228 4441; x_wconf 85' lang='lat' dir='ltr'><strong>inmaduere</strong></span> <span class='ocrx_word' id='word_1_230' title='bbox 1249 4396 1341 4459; x_wconf 79' lang='lat' dir='ltr'><strong>gena.</strong></span> 
     </span>
    </p>
   </div>
   <div class='ocr_carea' id='block_1_10' title="bbox 962 4516 1142 4528">
    <p class='ocr_par' dir='ltr' id='par_1_12' title="bbox 962 4516 1142 4528">
     <span class='ocr_line' id='line_1_35' title="bbox 962 4516 1142 4528; baseline -0.006 0"><span class='ocrx_word' id='word_1_231' title='bbox 962 4516 1142 4528; x_wconf 72' lang='lat' dir='ltr'>...u-1—</span> 
     </span>
    </p>
   </div>
   <div class='ocr_carea' id='block_1_11' title="bbox 615 4530 1485 4632">
    <p class='ocr_par' dir='ltr' id='par_1_13' title="bbox 615 4530 1485 4632">
     <span class='ocr_line' id='line_1_36' title="bbox 615 4530 1485 4632; baseline -0.01 -10"><span class='ocrx_word' id='word_1_232' title='bbox 615 4569 740 4621; x_wconf 83' lang='lat' dir='ltr'><strong>xxxvr.</strong></span> <span class='ocrx_word' id='word_1_233' title='bbox 777 4530 1485 4632; x_wconf 52' lang='lat' dir='ltr'><strong>1...s=1na10.summ.n⁰.x1.1...⁴.(ses.)c.</strong></span> 
     </span>
    </p>
   </div>
   <div class='ocr_carea' id='block_1_12' title="bbox 403 4677 1705 5013">
    <p class='ocr_par' dir='ltr' id='par_1_14' title="bbox 403 4677 1705 4855">
     <span class='ocr_line' id='line_1_37' title="bbox 470 4677 1705 4772; baseline 0.001 -18"><span class='ocrx_word' id='word_1_234' title='bbox 470 4703 482 4737; x_wconf 83' lang='lat'>⁸</span> <span class='ocrx_word' id='word_1_235' title='bbox 503 4702 539 4771; x_wconf 71' lang='grc' dir='ltr'><strong>τῇ</strong></span> <span class='ocrx_word' id='word_1_236' title='bbox 550 4701 588 4771; x_wconf 74' lang='lat' dir='ltr'><strong>sc]</strong></span> <span class='ocrx_word' id='word_1_237' title='bbox 612 4677 707 4771; x_wconf 52' lang='lat' dir='ltr'><strong>cipite</strong></span> <span class='ocrx_word' id='word_1_238' title='bbox 724 4704 824 4757; x_wconf 75' lang='lat' dir='ltr'><strong>eoelum</strong></span> <span class='ocrx_word' id='word_1_239' title='bbox 842 4705 991 4772; x_wconf 77' lang='lat' dir='ltr'><strong>effringere</strong></span> <span class='ocrx_word' id='word_1_240' title='bbox 1014 4708 1140 4757; x_wconf 76' lang='lat' dir='ltr'><strong>conatus.</strong></span> <span class='ocrx_word' id='word_1_241' title='bbox 1167 4702 1260 4767; x_wconf 67' lang='lat' dir='ltr'><strong>Syrtes.</strong></span> <span class='ocrx_word' id='word_1_242' title='bbox 1274 4704 1336 4753; x_wconf 79' lang='lat'><strong><em>1⁹8.</em></strong></span> <span class='ocrx_word' id='word_1_243' title='bbox 1346 4701 1382 4752; x_wconf 89' lang='lat' dir='ltr'><strong>B.</strong></span> <span class='ocrx_word' id='word_1_244' title='bbox 1473 4698 1494 4735; x_wconf 86' lang='lat'><strong>¹¹</strong></span> <span class='ocrx_word' id='word_1_245' title='bbox 1512 4700 1647 4769; x_wconf 80' lang='lat' dir='ltr'><strong>seeundo]</strong></span> <span class='ocrx_word' id='word_1_246' title='bbox 1665 4704 1705 4754; x_wconf 85' lang='lat'><strong>11.</strong></span> 
     </span>
     <span class='ocr_line' id='line_1_38' title="bbox 403 4780 814 4855; baseline 0.002 -17"><span class='ocrx_word' id='word_1_247' title='bbox 403 4793 448 4838; x_wconf 78' lang='lat' dir='ltr'><strong>atel</strong></span> <span class='ocrx_word' id='word_1_248' title='bbox 469 4788 560 4855; x_wconf 78' lang='lat' dir='ltr'><strong>pridie</strong></span> <span class='ocrx_word' id='word_1_249' title='bbox 582 4780 705 4853; x_wconf 68' lang='lat' dir='ltr'><strong>sertptdn</strong></span> <span class='ocrx_word' id='word_1_250' title='bbox 723 4790 814 4852; x_wconf 71' lang='lat' dir='ltr'><strong>[urit.</strong></span> 
     </span>
    </p>

    <p class='ocr_par' dir='ltr' id='par_1_15' title="bbox 406 4867 1705 5013">
     <span class='ocr_line' id='line_1_39' title="bbox 469 4867 1705 4942; baseline -0.002 -17"><span class='ocrx_word' id='word_1_251' title='bbox 469 4867 580 4941; x_wconf 66' lang='lat' dir='ltr'><strong>*exal</strong></span> <span class='ocrx_word' id='word_1_252' title='bbox 598 4886 666 4925; x_wconf 68' lang='lat' dir='ltr'><strong>cta.</strong></span> <span class='ocrx_word' id='word_1_253' title='bbox 683 4876 790 4925; x_wconf 56' lang='lat' dir='ltr'><strong>evea·</strong></span> <span class='ocrx_word' id='word_1_254' title='bbox 808 4874 1042 4942; x_wconf 70' lang='lat' dir='ltr'><strong>Prmeipi3.4.5.</strong></span> <span class='ocrx_word' id='word_1_255' title='bbox 1094 4873 1269 4926; x_wconf 78' lang='lat' dir='ltr'><strong>⁴Rheturum</strong></span> <span class='ocrx_word' id='word_1_256' title='bbox 1282 4874 1340 4924; x_wconf 82' lang='lat' dir='ltr'><strong>t.2.</strong></span> <span class='ocrx_word' id='word_1_257' title='bbox 1392 4869 1577 4938; x_wconf 61' lang='lat' dir='ltr'><strong>&#39;perditust</strong></span> <span class='ocrx_word' id='word_1_258' title='bbox 1630 4871 1705 4940; x_wconf 62' lang='lat'><strong>¹²¹!-</strong></span> 
     </span>
     <span class='ocr_line' id='line_1_40' title="bbox 406 4956 834 5013; baseline 0.002 -1"><span class='ocrx_word' id='word_1_259' title='bbox 406 4956 538 5012; x_wconf 67' lang='lat' dir='ltr'><strong>sunna.</strong></span> <span class='ocrx_word' id='word_1_260' title='bbox 591 4956 834 5013; x_wconf 63' lang='lat' dir='ltr'><strong>lausdunum.</strong></span> 
     </span>
    </p>
   </div>
   <div class='ocr_carea' id='block_1_13' title="bbox 0 0 1964 5950">
    <p class='ocr_par' dir='ltr' id='par_1_16' title="bbox 0 0 1964 5950">
     <span class='ocr_line' id='line_1_41' title="bbox 0 0 1964 5950; baseline 0 0"><span class='ocrx_word' id='word_1_261' title='bbox 0 0 1964 5950; x_wconf 95' lang='lat' dir='ltr'><strong> </strong></span> 
     </span>
    </p>
   </div>
  </div>
 </body>
</html>
