3917 5950
520 646 619 698 XXVI.
643 660 768 698 iivrrsiii
780 661 818 696 iu
830 659 923 695 iicon.
934 661 1024 697 rvciis
1038 662 1080 696 sn.
1093 661 1121 696 ii.
1136 653 1168 695 tt.
1179 660 1238 696 ivn.
1253 652 1312 694 ists.
1518 630 1567 701 45

268 816 411 886 stitiosos,
445 816 476 876 iu
499 815 555 876 boc
582 815 719 895 prorupit
745 814 858 883 statim,
893 824 990 893 ‘qnam
1019 814 1129 875 bellum
1160 814 1230 875 mihi
1259 814 1378 875 drotum
1408 814 1569 891 praedices.¹

270 916 391 978 Fratres
418 916 626 996 praedicatores
649 924 678 977 et
699 915 889 994 tlieologistas
907 914 1096 977 colonienses
1118 917 1268 995 pediculos
1291 915 1447 995 Capniom's
1468 915 1638 995 appel-co.

269 1017 357 1078 labat.
402 1018 498 1079 Porro
519 1018 690 1080 facetiamm
713 1024 798 1077 aiitiir
821 1035 879 1076 non
902 1019 1019 1094 ineptus
1047 1016 1091 1078 vel
1119 1037 1153 1078 ei
1183 1027 1316 1096 tempore
1345 1020 1407 1079 luit.
1452 1017 1568 1078 cuidam
1578 1027 1636 1077 §.m

270 1119 407 1180 ollerenti
435 1119 491 1180 sibi
519 1118 663 1181 trivialem
690 1118 830 1180 adversus
859 1116 1003 1179 calculum
1036 1118 1185 1180 cuiusdam
1215 1120 1367 1181 medicinae
1396 1119 1567 1199 synthesim,

248 1219 430 1283 ssuliridens
453 1222 485 1281 Ἀ
508 1221 601 1287 eoco'¹
616 1221 657 1281 ait
682 1230 758 1281 ‘meo
781 1220 862 1298 prius
885 1219 1006 1280 iliilici'..
1035 1220 1107 1280 Cimi
1130 1220 1278 1281 diceretm·
1304 1221 1423 1299 quidam
1452 1221 1636 1299 slopan-§.ii

271 1324 384 1384 tissime
399 1323 552 1402 scripsisse
567 1321 678 1383 bellum
690 1320 841 1389 Venetimi,
860 1331 956 1400 ‘quam
973 1318 1108 1391 mallem',
1124 1323 1226 1400 inquit,
1244 1323 1421 1383 ‘felicissimo
1433 1323 1567 1401 gestum'.

271 1422 401 1485 lactabat
422 1423 496 1485 alius
518 1423 597 1503 quod
620 1424 650 1483 in
672 1441 724 1484 ore
747 1422 874 1482 lialieliat
894 1422 1014 1490 vulnus,
1044 1422 1101 1482 lioc
1123 1423 1257 1484 dictitans
1287 1424 1329 1484 ‘ln
1358 1424 1462 1484 taciem
1492 1424 1637 1488 liostiisi.

271 1524 404 1595 stabani',
428 1525 581 1603 respondit
601 1525 664 1603 ipse
687 1524 734 1584 ‘Et
747 1522 804 1592 ille,
828 1531 860 1583 ut
875 1524 966 1593 rideo,
991 1524 1061 1583 tilii'.
1099 1523 1342 1585 Conceitantilius
1357 1526 1433 1585 inter
1448 1507 1480 1585 se
1495 1525 1638 1592 duo-§.sa

273 1625 329 1687 bus
350 1626 597 1688 versificatoribus
618 1643 686 1687 cum
708 1623 782 1686 alter
804 1624 937 1695 dixisset,
961 1624 1117 1703 aliquando
1140 1625 1244 1687 melius
1267 1645 1386 1686 carmen
1408 1626 1569 1687 somniasse

227 1746 321 1797 isse,
349 1747 438 1809 quain
461 1727 541 1808 quod
563 1728 746 1788 adversarius
768 1725 951 1793 ostenderet,
982 1727 1077 1787 intulit
1099 1727 1221 1788 ‘llreliro
1243 1729 1340 1807 itaque
1368 1727 1481 1787 dornii’.
1527 1727 1638 1795 Esses.

274 1826 463 1891 doctioribus
484 1830 636 1891 sententiis
657 1829 710 1888 lias
741 1829 910 1906 frequenter
937 1828 1065 1889 linlieliat
1093 1831 1122 1887 iii
1151 1848 1218 1899 orie,
1253 1829 1423 1908 ‘Explomnt
1449 1830 1570 1889 adversa

272 1931 361 1991 viros·
384 1938 414 1993 et
435 1930 584 1992 ‘Perduoit
611 1930 646 1991 ad
674 1930 765 1990 ardua
793 1929 902 1989 virtus'.
949 1929 1070 1991 [licebat
1098 1932 1183 1991 citiam
1212 1932 1396 2009 lciiqiienter,
1430 1932 1571 2009 temporis

272 2039 396 2103 statum,
431 2031 610 2111 posteritatis
631 2033 738 2092 lamam
769 2032 895 2109 spectari
925 2032 1091 2092 ciuneniiu.
1146 2032 1332 2109 Arguebatur
1361 2039 1394 2093 ut
1419 2034 1468 2110 qui
1494 2047 1639 2110 pientii.

274 2132 403 2195 lecturas
425 2133 559 2213 cupidius
581 2141 696 2211 ageret,
729 2134 792 2211 ipse
814 2133 856 2192 sic
878 2133 1140 2209 interp»celabatur,
1175 2134 1232 2194 lioc
1254 2153 1285 2193 se
1308 2152 1456 2212 (piisime,
1491 2134 1570 2217 quod

235 2235 304 2299 isin
333 2234 438 2314 dignos
459 2242 560 2314 postea
582 2236 739 2295 conferret.
791 2233 848 2293 Otii
875 2236 920 2295 sui
948 2235 1048 2294 sedem
1071 2234 1251 2312 lioguutium
1279 2235 1441 2313 delegerat,
1473 2235 1572 2315 ibique
1582 2245 1640 2296 §.et

274 2336 405 2397 studium
427 2334 593 2406 literarum,
616 2336 702 2416 quale
724 2337 753 2395 iu
777 2343 836 2395 tota
858 2335 976 2412 Europa
1000 2353 1058 2394 non
1081 2344 1171 2407 esset,
1201 2335 1303 2397 allecta
1332 2336 1368 2396 ad
1392 2337 1448 2397 boe
1470 2337 1572 2398 liunia·

274 2438 387 2499 nissimi
408 2438 550 2517 principis
572 2436 759 2506 liberalitate,
788 2436 910 2515 parabat
932 2437 1093 2506 iustruere,
1127 2438 1232 2514 partini
1256 2439 1342 2497 etiam
1364 2457 1416 2498 sna
1439 2440 1572 2515 pecnnia,

267 2540 383 2618 partim
405 2539 505 2601 eiectis
526 2537 677 2600 inutilibus
698 2537 924 2617 professorculis
946 2547 984 2607 et,
1008 2539 1114 2617 quilius
1134 2537 1174 2598 illi
1195 2538 1350 2608 habentur,
1373 2539 1521 2601 translatis
1535 2540 1571 2600 ad

274 2640 427 2705 meliorem
455 2658 542 2703 usum
568 2640 729 2718 stipendiis.
767 2639 911 2701 Occulmit
938 2641 1026 2717 igitur
1049 2659 1108 2699 non
1131 2640 1244 2701 modica
1267 2641 1431 2701 studiorum
1451 2643 1639 2710 iacturam.

239 2741 386 2821 aoqtubus
407 2724 494 2803 simul
516 2760 551 2821 ac
572 2740 694 2804 literatis
715 2742 852 2803 oiimilms
874 2740 1062 2802 consulturus
1085 2749 1147 2803 erat
1170 2743 1198 2801 in
1220 2743 1279 2801 otio
1300 2742 1376 2820 ipiiod
1394 2742 1573 2805 destinabat:

277 2861 384 2923 nempe
405 2860 524 2905 omnem
546 2841 647 2905 aulice
670 2843 890 2904 consuetudinis
912 2843 1075 2904 molestiam
1099 2862 1207 2905 exuere
1229 2843 1383 2922 cogitabat,
1407 2862 1484 2922 saepe
1505 2863 1574 2922 pro·

276 2944 351 3007 bans
372 2942 444 3006 illud
466 2944 586 3032 blutiani
609 2943 778 3016 consilium,
807 2945 856 3025 qui
878 2946 1018 3006 missione
1040 2926 1065 3006 a
1079 2965 1132 3008 suo
1155 2946 1287 3024 principe
1308 2945 1477 3023 impetrato,
1502 2947 1574 3006 scri-

276 3046 382 3131 linium
404 3047 548 3118 decuriae,
572 3048 601 3108 iu
624 3066 682 3126 qua
697 3056 828 3108 versatus
845 3054 922 3115 erat,
945 3048 1111 3125 inscripsit:
1140 3067 1266 3108 vinnan
1290 3066 1573 3122 sonnioirvomss,

276 3149 378 3210 domui
405 3167 475 3211 vero
503 3167 564 3210 suae
586 3168 692 3210 sciri
715 3168 988 3217 rnineviumriis.
1034 3149 1102 3211 lleec
1125 3167 1214 3227 agens
1236 3156 1323 3227 atque
1345 3149 1408 3209 linc
1428 3161 1641 3227 apparamus

239 3257 345 3314 isante
367 3249 446 3311 diem
467 3245 578 3312 interiit
599 3250 695 3311 bouus
714 3249 876 3311 ltelvollus:
900 3269 1010 3332 annum
1033 3252 1110 3312 enim
1135 3249 1165 3309 L.
1189 3250 1321 3311 nondum
1343 3251 1486 3328 attigerat.
1521 3250 1574 3311 Cui

277 3369 331 3412 nos
353 3370 370 3412 a
392 3350 447 3412 diis
469 3351 683 3413 immortalibus
705 3352 819 3430 precari
841 3351 985 3412 debemus
1007 3354 1103 3412 omnia
1126 3370 1191 3430 qino
1213 3351 1342 3412 solennis
1362 3351 1408 3411 his
1434 3352 1484 3430 qui
1506 3371 1574 3412 cuin

277 3451 363 3516 leude
385 3455 528 3515 vixerimt
573 3453 651 3533 quod
674 3461 704 3515 te
726 3454 871 3514 lactmum
895 3473 1011 3514 mecum
1034 3473 1092 3513 non
1115 3453 1226 3524 diiliito,
1250 3462 1309 3515 tam
1331 3454 1398 3532 quia
1422 3471 1469 3513 me
1483 3456 1643 3523 amasi-⁶⁹·

277 3572 365 3634 quam
388 3555 456 3634 quia
478 3556 570 3616 amari
592 3554 629 3615 ab
657 3553 707 3614 illo
733 3553 929 3616 intellexeras.
974 3555 1092 3616 llutteiii
1122 3574 1190 3616 vero
1219 3574 1320 3616 casnm
1349 3556 1386 3615 ita
1415 3555 1466 3615 tibi
1494 3561 1643 3616 eoin-§.⁰⁰-

277 3656 401 3726 mendo,
429 3663 463 3716 ut
484 3657 626 3735 insignem
649 3656 833 3717 atmcitatem
856 3657 973 3734 cupiam
995 3658 1024 3715 in
1049 3656 1126 3716 ltalia
1149 3676 1266 3737 quoque
1297 3666 1458 3717 mitescere.
1495 3656 1574 3719 Vale.

244 3757 449 3838 alleguntiae,
487 3757 588 3819 lilibus
617 3757 706 3828 lunii,
741 3759 825 3818 dimo
861 3757 975 3817 llomini
1010 3757 1163 3819 lllillesimo
1192 3759 1428 3838 quingentesimo
1450 3758 1576 3828 ,docimo

277 3859 390 3940 quinto.

346 4112 435 4163 ¹lime
448 4111 477 4175 (i.
489 4127 512 4161 e.
525 4112 613 4174 verbe)
628 4115 660 4163 Α.
676 4116 701 4162 2.
732 4110 847 4163 lioedll.
894 4111 1331 4178 ¹⁷pecunie,deimleeieet.3¹¹.
1384 4112 1574 4162 ²“ribiniinor-

277 4197 332 4248 tali
344 4197 457 4248 Christo
472 4194 520 4267 3¹¹¹.
