3917 5950
367 573 439 648 3l2
477 588 557 640 CXL.
577 603 660 639 caorr
673 602 710 639 an
723 603 843 639 arrasa.
856 603 900 638 ae.
924 587 1021 639 cxnt.
1034 601 1138 640 aaran
1151 603 1263 640 annon.
1278 603 1356 642 nasa.
1369 605 1412 641 ar.
1427 605 1455 640 n.
1470 597 1506 640 ta.
1519 603 1579 641 oca.
1590 597 1639 643 tart.

365 774 423 822 tum
444 764 471 820 in
493 773 521 820 te
540 762 643 820 vultum
665 780 744 819 suum
766 769 906 820 convertet
921 761 1075 823 Germania.
1096 770 1155 819 tum
1175 762 1286 821 verbum
1303 763 1347 820 dei
1370 763 1419 821 abs
1446 772 1473 821 te
1493 781 1556 821 curn
1576 765 1645 822 admi·

297 861 356 914 §.aa
368 851 477 907 racione
505 849 604 905 audiat.
649 848 698 903 Sed
727 865 776 922 per
805 856 877 904 tuam
905 847 1139 905 mansuetudinem
1166 857 1193 905 te
1221 866 1290 923 rogo
1318 867 1352 906 ne
1378 859 1444 924 post
1463 849 1605 906 descendas
1624 851 1646 906 iu

365 952 473 992 arenam
493 933 689 1008 disputacionis
714 932 844 1007 publicae,
868 933 1021 1006 praesertim
1043 941 1139 990 contra
1155 934 1328 991 temerarios:
1352 935 1477 991 nescisne
1494 935 1567 1008 quod
1582 936 1647 1009 pueri

365 1020 441 1076 aiunt
465 1018 572 1074 ‘Contra
594 1017 736 1081 verbosum
762 1017 818 1073 noli
844 1019 1009 1074 contendere
1040 1018 1153 1075 verbis'?
1185 1019 1292 1094 disputa
1320 1019 1390 1075 iutra
1419 1027 1498 1076 tuum
1526 1015 1647 1076 monaste·

366 1105 452 1168 rium,
477 1102 594 1165 clamo,
627 1103 731 1176 quiete:
765 1102 934 1159 exactissima
963 1102 1080 1158 babetur
1106 1103 1258 1178 disputacio
1285 1122 1344 1178 quae
1369 1105 1473 1161 chartis
1502 1104 1663 1167 mandatum

368 1206 429 1262 quta
450 1188 539 1245 verbis
560 1187 635 1244 ultro
657 1187 781 1261 citroque
804 1187 904 1248 fertur,
931 1196 1005 1243 caret
1031 1188 1130 1243 iudicio
1160 1197 1188 1244 ct
1215 1206 1287 1264 saepe
1315 1189 1434 1246 animum
1457 1189 1648 1262 disputantisa

298 1283 431 1336 §.atvero
452 1272 608 1347 perturbat,
629 1290 663 1329 ue
684 1272 792 1328 interim
810 1272 897 1328 dicam
917 1280 997 1346 turpe
1017 1290 1076 1329 esso
1099 1273 1239 1346 Tbeologo
1258 1273 1291 1330 ad
1312 1274 1401 1348 iurgia
1418 1273 1590 1330 descendere.
1621 1273 1649 1330 Vt

295 1360 404 1426 sotlec
422 1350 429 1436 Ι
445 1358 562 1432 primum
576 1357 719 1414 constabat
735 1356 813 1412 nobis
827 1356 885 1413 dies
900 1357 1099 1420 contentionis,
1125 1356 1130 1431 Ι
1154 1358 1294 1433 displicuit
1315 1358 1476 1417 consilium:
1499 1358 1575 1414 novit
1588 1359 1649 1415 cuim

368 1443 489 1500 bononia
510 1460 600 1499 mores
622 1441 767 1503 Ecliianos.
788 1442 863 1497 novit
882 1450 909 1497 ct
926 1440 1042 1497 Wienna
1063 1442 1144 1505 bene,
1172 1451 1261 1500 tamen
1283 1444 1365 1501 cessit
1386 1462 1438 1519 pro
1462 1442 1556 1504 nobis.
1584 1444 1649 1500 testi·

299 1541 359 1594 §.aa
369 1529 420 1584 bus
441 1526 567 1603 epistolis
592 1527 686 1603 Langii
709 1535 737 1582 et
758 1526 961 1583 llelauchtonis.
1006 1526 1069 1594 Vale
1092 1536 1121 1583 et
1143 1545 1185 1584 me
1207 1545 1280 1593 ama,
1303 1547 1356 1603 ego
1378 1537 1404 1584 te
1424 1545 1516 1585 amare
1538 1545 1591 1584 uon
1610 1528 1670 1584 dett

369 1614 465 1688 sinam.
509 1612 641 1668 honorem
668 1621 745 1667 tuum
774 1620 904 1685 quantum
934 1611 993 1667 eius
1022 1619 1081 1668 tuto
1109 1612 1169 1669 lieri
1195 1621 1301 1687 potest,
1332 1613 1377 1671 bic
1396 1612 1505 1670 tuebor.
1548 1612 1647 1686 Ignosce

369 1697 611 1772 extemporalitati‚
639 1696 721 1753 malui
750 1705 837 1752 tecum
864 1696 978 1752 verbose
1003 1704 1031 1752 et
1053 1697 1110 1753 sine
1129 1716 1194 1754 cura
1217 1698 1336 1755 scribere
1356 1716 1437 1773 qnam
1457 1707 1581 1753 accurate
1597 1697 1647 1753 bre

367 1800 427 1839 vem
457 1791 602 1840 contexere
632 1781 785 1858 epistolam.
835 1781 884 1836 Vix
919 1780 1007 1838 licuit·
1027 1782 1156 1840 revidere.
1176 1767 1184 1786 ⁸
1207 1784 1335 1840 Bnuoniae
1366 1783 1442 1839 liVll.
1471 1770 1519 1841 rt‘t's
1550 1783 1647 1839 liorem·

369 1867 425 1924 bris
447 1867 548 1923 bllllllll
1309 1869 1407 1926 Grotus
1427 1868 1576 1926 llubianus.

537 1979 749 2048 [Superscriptio
767 1997 784 2031 a
801 1980 872 2032 nobie
886 1997 949 2047 pap.
964 1982 1027 2032 307.
1046 1982 1083 2031 ad
1098 1984 1214 2045 epictatae
1230 1990 1307 2047 caput
1323 1987 1411 2049 posita
1427 1981 1488 2050 eatJ.
1652 1989 1668 2030 tt

386 2367 514 2412 tovana.
909 2334 1127 2426 CXXXXI.

370 2421 537 2434 Ἦ
1439 2422 1647 2436 ῌ

657 2509 809 2568 ERASMVS
830 2511 905 2568 nor.
928 2511 1059 2569 boando
1081 2509 1185 2567 HESSO
1208 2509 1271 2568 SVO
1298 2508 1325 2566 S.
1347 2511 1375 2566 b.

456 2644 511 2701 lam
540 2644 694 2701 arbitrabar
720 2646 786 2701 mihi
814 2646 901 2721 probe
929 2647 1068 2721 cognitam
1098 2646 1281 2710 Germaniam,
1312 2654 1341 2703 et
1367 2647 1498 2722 quicquid
1524 2656 1597 2704 esset
1621 2647 1652 2703 iu·

263 2775 267 2783 .
372 2730 492 2804 signium
514 2729 701 2803 ingeniorum.
736 2733 963 2805 pervestigatum:
998 2730 1153 2787 adamabam
1176 2733 1317 2806 ingenium
1337 2732 1412 2789 Beati
1433 2733 1572 2796 Rhenani,
1602 2749 1654 2789 ero·

373 2815 497 2873 sculabar
530 2813 650 2872 indolem
676 2815 794 2890 Philippi
821 2816 1052 2880 llclancbtbonis,
1094 2816 1275 2890 suspiciebam
1306 2817 1452 2892 (lapniouis
1490 2818 1678 2878 maiestatema

372 2900 499 2976 capiebar
521 2899 632 2955 llutteni
654 2900 774 2963 deliciis,
803 2909 831 2956 et
857 2919 919 2959 ecce
947 2902 980 2957 de
1011 2910 1124 2977 repente
1146 2901 1247 2957 Hessus
1270 2902 1343 2977 quod
1364 2903 1480 2959 antebac
1502 2904 1531 2958 in
1553 2901 1657 2977 singulis

373 2985 415 3042 vel
438 2985 560 3043 amabam
583 2984 623 3042 vel
646 2985 776 3049 mirabar,
809 3004 880 3042 unus
901 2988 1058 3043 universum
1080 2986 1215 3042 exhibuit:
1250 2988 1315 3061 quid
1342 2989 1415 3044 euim
1441 2987 1516 3045 aliud
1539 2988 1658 3044 Heroides

374 3080 428 3128 tue
455 3089 537 3146 quarn
569 3070 753 3127 Christianum
774 3071 896 3128 Ovidium
923 3072 1064 3128 referunt?
1093 3072 1137 3128 cui
1158 3070 1199 3127 vel
1222 3072 1249 3128 iu
1272 3073 1397 3129 oratione
1419 3072 1511 3129 soluta
1534 3072 1658 3145 contingit

374 3174 406 3213 ea
427 3156 557 3218 facilitas,
580 3173 641 3229 quae
664 3155 713 3211 tibi
736 3156 762 3211 iu
785 3157 859 3212 omni
879 3156 1007 3214 carminis
1030 3157 1150 3230 genere?
1172 3155 1361 3231 Eloquentiam
1377 3167 1469 3231 aequat
1485 3158 1617 3220 eruditio,
1636 3164 1660 3211 et

374 3249 521 3315 utrumque
543 3241 654 3297 decorat
675 3240 827 3297 Christiana
849 3241 945 3316 pietas.
968 3241 1020 3296 iam
1043 3241 1070 3296 iu
1093 3241 1218 3297 oratione
1239 3259 1321 3316 prosa
1344 3241 1407 3297 talis
1436 3260 1481 3304 cs,
1510 3251 1542 3298 ut
1564 3242 1683 3299 alienusat

374 3326 530 3383 acanninc
559 3325 641 3380 videri
670 3325 769 3399 possis.
813 3326 835 3381 0
863 3343 956 3381 venam
986 3325 1088 3398 ingenii
1115 3342 1177 3382 vere
1205 3327 1329 3382 auream!
1359 3326 1413 3383 Nec
1440 3344 1456 3382 a
1484 3326 1550 3383 stilo
1580 3343 1660 3382 mores

375 3409 538 3471 abhorrent,
568 3409 666 3482 quibus
696 3410 762 3465 nibil
790 3410 945 3472 candidius,
975 3409 1042 3466 nibil
1071 3410 1233 3484 simplicius,
1261 3410 1329 3467 abd
1355 3419 1449 3485 potest
1479 3428 1541 3467 esse
1564 3412 1659 3485 purius.

377 3494 444 3549 Rara
472 3494 542 3555 avis,
571 3494 666 3549 eximia
693 3494 816 3551 doctrina
840 3495 898 3551 sinc
921 3493 1077 3568 supercilio.
1109 3536 1473 3550 ................
1503 3496 1575 3552 Bene
1603 3493 1661 3555 vale,

377 3577 527 3634 Gennaniae
549 3586 652 3635 nostrae
674 3578 716 3635 rel
738 3580 906 3654 precipuum
928 3580 1019 3635 decus.
1064 3579 1173 3635 Lorauii
1192 3579 1254 3635 llll'.
1270 3578 1377 3637 Calend.
1390 3579 1662 3638 Novemblbbllb'.

376 3743 525 3794 cmxl.
556 3739 733 3794 1=Erasmi
745 3746 816 3811 Epp.
829 3744 927 3808 (Indic.
940 3744 1071 3811 bibliogr.
1084 3744 1196 3808 anau.)
1210 3762 1237 3811 p.
1247 3744 1320 3795 1902.
1334 3744 1454 3796 xxxo
1530 3742 1661 3795 2=ibid
1696 3786 1701 3798 ,

810 3829 875 3889 53,5,
896 3829 948 3879 col.
960 3828 1019 3880 513.
1033 3846 1233 3880 mccccnxxvr.

443 3994 650 4048 ⁵exactissime
663 4000 689 4048 2.
732 3996 847 4065 chartis]
866 4001 964 4050 martis
977 4003 1003 4050 2.
1043 3998 1144 4050 ¹ultro
1161 4002 1232 4052 orac.
1246 4002 1272 4049 2.
1312 3995 1468 4065 ¹primum]
1488 4001 1627 4065 praemium
1639 4000 1660 4047 2.

377 4079 535 4147 constabat]
556 4087 678 4145 constat,
699 4086 768 4133 at2.
822 4089 852 4134 ct
869 4085 1016 4134 consilium
1027 4087 1054 4134 2.
1106 4082 1241 4135 'Eckius
1259 4088 1290 4134 ct
1300 4085 1434 4134 Bononiae
1453 4089 1483 4134 et
1500 4085 1661 4135 Vindoboue

375 4168 488 4233 publice
501 4167 535 4217 de
547 4168 639 4217 usuris
650 4168 852 4234 disputaverat.
904 4167 946 4201 ¹·¹⁰
957 4169 1077 4220 testibus
1090 4168 1221 4232 expertis,
1240 4169 1273 4218 L.
1287 4170 1313 4217 2.
1367 4166 1388 4200 ¹¹
1404 4167 1628 4219 Melanchtbonis
1638 4168 1660 4215 2.

377 4250 397 4284 ¹¹
417 4253 477 4303 cius
494 4256 565 4303 omia.
579 4255 605 4303 2.
659 4250 681 4285 ¹¹
698 4253 791 4305 malim
804 4257 830 4304 2.
883 4252 904 4285 ¹¹
923 4253 1150 4304 xv1.Calend.2.

446 4336 467 4369 ¹¹
484 4339 566 4389 Hanc
590 4338 736 4404 epistolam
761 4340 881 4389 sortasse
904 4339 1029 4403 respexit
1051 4337 1196 4399 Eobauus,
1223 4336 1273 4387 sed
1296 4337 1386 4402 magis
1408 4342 1474 4402 puto
1499 4338 1660 4388 Erasmicam

378 4422 501 4473 Hutteno
520 4424 548 4473 in
567 4429 660 4474 annot.
681 4425 717 4475 ad
734 4425 767 4474 N.
778 4424 811 4473 T.
830 4423 954 4474 dicatam
970 4421 1082 4473 laudem
1100 4420 1194 4487 (supra
1210 4437 1238 4474 u.
1250 4421 1366 4471 xxxu.
1379 4422 1549 4486 repetitam),
1569 4438 1626 4472 cum
1637 4421 1660 4468 in

378 4504 525 4571 Hodoepor.
543 4508 677 4573 Erphord.
692 4508 767 4559 1519.
786 4507 937 4559 scriberet:

614 4593 756 4643 Praeterea
773 4594 926 4643 Huttenum
945 4593 1006 4656 quis
1024 4592 1080 4641 iam
1098 4607 1152 4641 non
1170 4592 1261 4651 novit,
1281 4591 1395 4641 Erasmo

614 4677 780 4728 Laudatum.
811 4692 864 4742 quo
881 4675 992 4725 laudari
1010 4673 1059 4738 (sit
1074 4676 1169 4741 gratia
1187 4674 1264 4738 ficto)

612 4758 738 4825 Iuppiter
755 4777 801 4812 ore
820 4760 897 4811 velit.

714 4843 757 4893 Cf.
776 4844 951 4895 Burclrhardi
968 4844 1026 4896 Vit.
1043 4843 1124 4894 Hutt.
1143 4844 1195 4894 ΙΙΙ.
1214 4860 1242 4909 p.
1253 4858 1331 4894 xm.
