3917 5950
354 643 427 718 3511
463 653 599 710 CLXVII.
618 671 701 710 uvrr.
714 667 828 707 nonme
841 666 872 707 m
884 666 969 708 onan.
984 651 1129 705 emano
1142 668 1178 705 mv
1191 665 1304 707 aemon.
1317 667 1381 707 sxa.
1397 668 1459 707 arr.
1470 661 1505 706 et.
1517 667 1576 707 mv.
1589 663 1637 709 ltu.

311 872 316 883 ·
352 830 456 891 Rheno
484 831 622 906 navigans
644 827 680 886 ad
703 826 885 887 Treverense
913 825 1104 903 muincipium
1133 823 1299 905 Bopardam
1327 825 1554 905 adplicuissem,
1581 848 1640 889 eou-

275 981 280 990 .
353 935 555 1010 venissemque
578 929 822 1005 christophorum
845 926 1070 997 Eseheulelder,
1101 929 1150 1006 qui
1174 926 1291 988 telonen
1317 930 1382 990 istic
1404 931 1478 1007 agit,
1510 938 1595 1009 atque
1612 932 1643 997 is,

354 1054 412 1114 qua
435 1030 636 1093 benevolentia
665 1029 759 1089 bonos
787 1038 815 1089 et
843 1029 973 1090 literatos
996 1048 1099 1090 omnes
1121 1031 1321 1108 prosequitur,
1352 1030 1476 1091 domum
1500 1049 1549 1091 me
1570 1049 1643 1092 suam

353 1136 537 1202 adduxisset,
560 1133 718 1209 hospitium
741 1131 898 1199 exhibens,
921 1137 955 1191 ut
975 1129 1063 1208 paulo
1086 1137 1153 1190 ante
1169 1130 1291 1192 Erasmo
1307 1132 1435 1201 lecerat,
1460 1133 1566 1193 eximie
1580 1132 1643 1194 libe·

353 1236 466 1304 raliter,
496 1234 602 1295 deinde
630 1233 722 1293 libros
750 1252 820 1293 suos
842 1239 872 1292 et
897 1231 1128 1310 suppellectilem
1151 1233 1255 1293 ordine
1275 1241 1309 1294 ut
1329 1235 1362 1293 llt
1382 1233 1571 1303 ostenderet,
1597 1234 1664 1293 alias

354 1339 472 1418 quidem
488 1337 545 1396 vidi
567 1337 637 1395 satis
658 1334 736 1395 lauta
758 1336 869 1402 omnia,
893 1334 943 1393 sed
966 1336 1043 1394 inter
1064 1332 1156 1393 libros
1171 1335 1265 1394 iuveni
1280 1333 1409 1395 vetulum
1426 1335 1576 1415 quendam
1591 1339 1644 1413 epi·

355 1439 444 1500 stolas
466 1438 576 1516 aliquot
598 1439 812 1503 continentem,
836 1453 924 1513 quem
946 1435 1016 1495 dum
1038 1437 1160 1512 inspicio
1183 1419 1325 1512 primum,
1349 1436 1457 1496 deiude
1472 1436 1540 1515 lego
1556 1439 1645 1503 edam,

356 1560 420 1601 rem
443 1558 589 1617 cognosco
617 1537 744 1597 oblatam
774 1537 843 1596 mihi
872 1538 992 1597 minime
1015 1537 1272 1606 contemnendam,
1303 1538 1401 1616 itaque
1424 1536 1581 1616 perlegere
1601 1539 1645 1599 ad·

296 1659 343 1708 §.a
357 1660 475 1720 gressus
502 1659 577 1700 sum.
623 1638 706 1708 Quod
735 1637 783 1697 ille
810 1640 995 1715 conspicatus
1023 1639 1182 1699 admodum
1209 1639 1314 1717 cupide
1341 1655 1432 1715 agere
1460 1658 1525 1709 me,
1554 1639 1646 1700 volens

354 1744 444 1804 credo
466 1744 572 1802 invitari
594 1741 783 1800 Homericum
806 1738 886 1800 illum
909 1740 1078 1810 Nestorem,
1102 1729 1170 1818 πὰρ
1193 1736 1297 1814 ξείνια
1317 1735 1445 1819 θῆκεν,
1469 1749 1500 1801 et
1521 1740 1644 1806 libellum
1654 1760 1673 1799 n

355 1847 433 1905 dono
456 1845 549 1911 dedit,
579 1843 767 1920 postridiana}
788 1842 979 1919 navigationis
1002 1841 1165 1901 molestiam
1188 1843 1250 1903 eius
1279 1841 1404 1902 lectione
1426 1842 1535 1902 iubens
1556 1840 1645 1902 levare

355 1967 412 2007 mvi.
458 1947 501 2005 En
531 1945 613 2005 vobis
642 1950 855 2023 consequenter
885 1942 1095 2021 hospitalitium
1124 1944 1209 2003 amici
1235 1962 1357 2011 monne,
1392 1963 1410 2002 o
1440 1941 1537 2004 liberi.
1581 1945 1643 2023 quid

355 2049 432 2108 evrini
455 2054 551 2124 potest
574 2047 700 2106 ineundo
722 2045 848 2104 adlicere
870 2045 1046 2114 Huttenum,
1070 2063 1128 2123 quo
1150 2046 1175 2111 is
1197 2046 1255 2104 lrui
1277 2043 1356 2104 solus
1378 2043 1461 2114 velit,
1488 2065 1547 2106 nec
1567 2047 1645 2107 bonis

356 2150 574 2209 eovnnmnicare
596 2149 694 2206 statim
717 2145 872 2206 omnibus‘l
905 2154 956 2207 aut
978 2147 1049 2225 quid
1071 2154 1115 2206 est
1142 2146 1266 2207 iuvando
1294 2145 1413 2224 publico
1441 2149 1471 2207 lu
1495 2148 1644 2209 Germania

336 2251 434 2342 ‘bono
457 2249 608 2318 idoneum,
632 2249 710 2327 quod
734 2248 824 2307 latere
847 2249 870 2306 is
892 2250 952 2325 pati
974 2248 1098 2308 debeat?
1130 2249 1224 2327 Atque
1246 2249 1356 2309 utinam
1385 2249 1428 2308 sic
1457 2248 1549 2309 multa
1572 2252 1671 2310 inve-n

308 2354 432 2418 §.eniam
454 2351 539 2419 talia,
563 2358 595 2410 ut
618 2349 784 2428 publicandi
807 2370 840 2409 ea
862 2351 933 2410 mihi
955 2367 1069 2410 summa
1092 2349 1226 2428 quaedam
1248 2347 1380 2427 voluptas
1402 2357 1456 2410 est.
1503 2351 1569 2411 Nou
1589 2371 1643 2412 mc·

356 2461 438 2512 retur
466 2453 513 2513 bic
542 2451 660 2530 quidem
690 2470 757 2512 eum
785 2452 833 2520 iis,
865 2471 940 2530 quos
967 2453 996 2511 in
1020 2451 1158 2512 Fuldeusi
1186 2469 1280 2530 nuper
1302 2450 1480 2513 bibliotheca
1502 2452 1599 2514 blattis
1618 2461 1643 2512 et

356 2556 444 2614 carici
466 2554 615 2613 inveniens
637 2554 747 2630 eripui,
771 2552 879 2622 Plinio,
903 2552 1016 2624 Selino,
1040 2552 1232 2625 Quintiliano,
1254 2552 1392 2614 Marcello
1412 2554 1532 2614 medico
1547 2563 1576 2616 et
1589 2553 1644 2615 aliis

357 2653 533 2733 quibusdam
557 2657 736 2732 eoirvparari,
766 2662 862 2714 tamen
885 2657 999 2733 siquem
1027 2672 1074 2715 res
1102 2656 1164 2732 ipsa
1192 2657 1289 2732 potius
1315 2673 1403 2734 qnam
1426 2655 1522 2715 oratio
1545 2656 1642 2721 adlicit,

296 2772 341 2822 §.a
357 2754 489 2816 nonnihil
515 2756 629 2816 adseret
658 2755 774 2833 publica
804 2758 1005 2833 expectatum
1033 2757 1168 2834 dignum:
1205 2774 1274 2816 nam
1297 2774 1352 2835 ego
1374 2759 1523 2818 sermonis
1550 2759 1672 2818 incon-ao

356 2859 523 2918 cinnitatem
546 2856 644 2918 saculi
667 2856 743 2917 illins
766 2845 934 2918 inlmlieitati
957 2858 1109 2927 condono,
1137 2858 1289 2918 materiam
1310 2877 1381 2919 vero
1403 2877 1470 2938 quaa
1499 2859 1643 2919 1111111111-

356 2967 466 3029 ctatur,
496 2959 540 3020 vel
562 2961 600 3020 ob
624 2960 652 3020 id
675 2958 763 3019 oredo
787 2957 887 3020 utilem
909 2961 988 3030 lore,
1018 2959 1096 3039 quod
1124 2961 1192 3021 inde
1221 2960 1386 3039 perdiscant
1414 2966 1564 3023 nostrates
1585 2981 1644 3022 aca-

354 3064 458 3124 demin>¹
486 3063 554 3143 quid
584 3081 643 3141 quo
671 3060 792 3122 consilio
813 3061 943 3122 iudicare
966 3065 1131 3130 conveniat,
1166 3062 1217 3123 ubi
1239 3062 1478 3141 habebuntque
1499 3065 1643 3124 imitentur

355 3167 499 3225 maiorum
527 3183 648 3229 suornm
677 3162 824 3240 exempla,
860 3170 888 3223 et
915 3165 993 3243 quod
1023 3163 1104 3224 orbis
1133 3171 1290 3243 cognoscet
1316 3182 1404 3243 quam
1437 3184 1498 3225 non
1530 3167 1644 3245 coperit

356 3287 452 3345 nuper
474 3275 575 3327 eontra
598 3264 810 3325 intolerabilem
832 3266 1003 3341 pontllieum
1031 3267 1177 3326 avaritiam
1206 3286 1240 3327 ac
1268 3267 1388 3328 minime
1416 3268 1573 3330 serendum
1595 3270 1672 3330 ini-as

297 3392 341 3441 qo,
357 3372 483 3446 positum
506 3370 560 3428 sibi
582 3388 599 3428 a
621 3369 759 3428 lloumnis
782 3368 842 3426 istis
865 3368 964 3442 iugum
988 3365 1148 3429 reclamare
1170 3370 1233 3429 baec
1254 3370 1342 3428 natio.
1385 3368 1550 3430 Voluerunt
1572 3374 1644 3430 euim

355 3489 413 3529 non
438 3473 467 3530 in
489 3491 523 3531 re
545 3489 617 3529 vana
641 3477 669 3530 et
693 3470 832 3529 momenti
854 3468 1013 3530 admodum
1036 3469 1158 3540 nullius,
1181 3471 1270 3548 idque
1285 3472 1327 3531 sie
1342 3471 1499 3540 invidiose,
1525 3479 1557 3532 ut
1572 3490 1645 3532 nuuc

355 3573 403 3640 ilt,
435 3571 539 3632 locarc‘
562 3591 682 3649 operam
711 3571 786 3631 hanc
815 3572 984 3647 superiores
1012 3571 1153 3650 theologi:
1187 3573 1216 3631 in
1238 3572 1328 3633 rebus
1350 3574 1526 3634 necessariis
1548 3582 1577 3634 et
1598 3593 1645 3634 ne-

353 3674 441 3750 gotiis
463 3692 515 3733 sua
537 3675 720 3751 professione
743 3674 837 3750 dignis
859 3691 926 3733 cum
949 3673 1080 3749 periculo
1103 3675 1190 3734 etiam
1212 3674 1415 3734 desudandum
1437 3674 1493 3734 sibi
1515 3674 1644 3735 arbitrati

355 3782 431 3833 sunt.
478 3782 505 3834 et
527 3784 598 3835 tunc
620 3775 796 3835 conscientia
820 3775 895 3835 dnce
917 3774 1102 3844 ferebantur,
1133 3777 1220 3837 hodie
1241 3795 1341 3836 meros
1362 3775 1521 3853 palpones,
1551 3794 1674 3838 moroso

292 3945 301 3963 ·
355 3876 557 3935 adsentatores
578 3878 741 3936 invenimus
764 3875 932 3951 theologosz
966 3879 1017 3956 qui
1038 3878 1180 3957 siquando
1206 3877 1336 3938 olllcium
1364 3878 1462 3937 lacere
1489 3897 1577 3939 sertim
1599 3898 1645 3937 vo·

355 3977 433 4046 lunt,
463 3986 513 4037 aut
540 3979 570 4037 in
596 3979 682 4056 ungis
703 3978 860 4053 tragedias
882 3985 1014 4048 movent,
1037 3987 1087 4041 aut
1108 3988 1141 4040 ut
1163 3979 1330 4057 potentibus
1352 3981 1414 4039 istis
1436 3981 1644 4056 gratificentur.

354 4080 440 4141 bonis
462 4078 629 4140 hominibus
651 4079 785 4138 iuvidiam
809 4079 979 4149 conciliant,
1008 4099 1085 4158 saepe
1107 4080 1271 4159 periculum
1293 4079 1468 4149 moliuntur,
1492 4080 1645 4160 aliquando

296 4184 625 4261 §,7‚etiamper11icic1n
649 4190 811 4242 accersunt.
856 4202 930 4262 qnos
952 4200 1011 4242 non
1039 4183 1196 4262 praestabat
1224 4182 1326 4243 ledere
1352 4190 1404 4242 aut
1429 4182 1545 4261 quidvis
1572 4182 1644 4242 aliud

356 4354 552 4363 ———-

420 4468 609 4523 ‘teloucmt
690 4467 812 4534 ⁴paullo
829 4473 904 4520 2...1.
986 4466 1111 4535 Erosmo]
1140 4470 1176 4519 cl.
1194 4470 1303 4518 Erasmi
1321 4484 1364 4534 ep.
1384 4468 1420 4518 ad
1437 4470 1521 4521 Beat.
1539 4470 1643 4521 Rhous-

355 4568 419 4603 num
437 4555 463 4603 d.
481 4572 506 4606 a.
527 4556 601 4606 1518.
619 4558 649 4606 in
666 4554 737 4620 Opp.
755 4556 841 4606 Besil.
864 4553 936 4605 1540.
956 4553 1004 4606 iol.
1023 4554 1074 4603 111.
1093 4572 1119 4619 p.
1133 4553 1201 4612 229,
1220 4555 1249 4602 in
1267 4554 1375 4603 Eresmi
1393 4554 1466 4620 Epp.
1479 4554 1512 4605 L.
1525 4557 1558 4604 B.
1575 4553 1642 4604 1706.

355 4637 404 4685 iol.
418 4639 478 4689 edd.
492 4656 518 4703 p.
531 4639 590 4689 372.
605 4647 688 4705 atque
708 4642 790 4705 epist.
805 4641 839 4689 od
859 4641 947 4704 ipsum
964 4637 1199 4689 Eschenveldinm
1217 4638 1243 4688 d.
1258 4635 1299 4687 tu.
1313 4636 1375 4687 Oct.
1397 4637 1471 4688 1518.
1492 4640 1585 4689 datam
1604 4639 1641 4688 ed.

353 4718 418 4768 Bes.
442 4736 469 4784 p.
484 4719 540 4771 188.
555 4739 595 4787 sq.
614 4726 643 4772 in
662 4724 704 4772 ed.
717 4725 806 4789 Lugd.
818 4726 881 4773 bot.
900 4741 926 4789 p.
939 4721 999 4773 353.
1056 4721 1067 4752 ⁶
1084 4738 1148 4774 suos
1165 4727 1236 4773 omis.
1249 4725 1325 4773 Μ.
1383 4722 1395 4755 ⁸
1413 4724 1558 4789 quemdam
1572 4724 1640 4774 2...r.

355 4799 377 4833 ¹⁰
393 4795 461 4865 πὰρ.
481 4801 505 4864 ξ.
519 4804 562 4869 e]
581 4806 733 4870 hospitalia
757 4809 894 4874 adposuit.
917 4810 1029 4857 Homer.
1047 4808 1099 4857 Od.
1117 4808 1176 4857 XV.
1195 4807 1252 4858 188.
1322 4807 1343 4839 ¹⁴
1361 4825 1458 4859 comm.
1477 4812 1572 4860 statim
1587 4812 1640 4860 Μ.

354 4884 429 4935 ¹⁷iia
447 4887 592 4953 quesere]
611 4888 681 4940 libro
699 4891 847 4943 Waltrami
869 4894 903 4943 de
926 4893 996 4942 nuit.
1016 4893 1085 4942 eccl.
1105 4907 1230 4944 consere.
1265 4892 1365 4957 Plyuio
1377 4895 1412 4943 A.
1483 4893 1506 4928 ¹⁰
1524 4901 1639 4962 exspect

354 4973 429 5021 2...l.
481 4971 501 5004 ¹¹
521 4972 688 5024 inlel.2...4.
741 4974 996 5029 ”habebunt3.4.
1050 4974 1072 5009 ³⁴
1091 4979 1323 5044 arcessuul2...4.
