<?xml version="1.0" encoding="UTF-8"?>
<!DOCTYPE html PUBLIC "-//W3C//DTD XHTML 1.0 Transitional//EN"
    "http://www.w3.org/TR/xhtml1/DTD/xhtml1-transitional.dtd">
<html xmlns="http://www.w3.org/1999/xhtml" xml:lang="en" lang="en">
 <head>
  <title>
</title>
<meta http-equiv="Content-Type" content="text/html;charset=utf-8" />
  <meta name='ocr-system' content='tesseract 3.04.00' />
  <meta name='ocr-capabilities' content='ocr_page ocr_carea ocr_par ocr_line ocrx_word'/>
</head>
<body>
  <div class='ocr_page' id='page_1' title='image "./ulrichihuttenie07huttgoog_0555.png"; bbox 0 0 3917 5950; ppageno 0'>
   <div class='ocr_carea' id='block_1_1' title="bbox 554 650 1639 722">
    <p class='ocr_par' dir='ltr' id='par_1_1' title="bbox 554 650 1639 722">
     <span class='ocr_line' id='line_1_1' title="bbox 554 650 1639 722; baseline 0.001 -1"><span class='ocrx_word' id='word_1_1' title='bbox 554 668 638 721; x_wconf 82' lang='lat' dir='ltr'>cen.</span> <span class='ocrx_word' id='word_1_2' title='bbox 659 684 782 720; x_wconf 72' lang='lat' dir='ltr'>narraui</span> <span class='ocrx_word' id='word_1_3' title='bbox 796 682 832 718; x_wconf 78' lang='lat' dir='ltr'>ao</span> <span class='ocrx_word' id='word_1_4' title='bbox 845 683 994 720; x_wconf 71' lang='lat' dir='ltr'>uasrruru</span> <span class='ocrx_word' id='word_1_5' title='bbox 1006 685 1137 721; x_wconf 77' lang='lat' dir='ltr'>svosavu</span> <span class='ocrx_word' id='word_1_6' title='bbox 1150 685 1192 721; x_wconf 77' lang='lat' dir='ltr'>sn.</span> <span class='ocrx_word' id='word_1_7' title='bbox 1207 686 1233 722; x_wconf 82' lang='lat' dir='ltr'>u.</span> <span class='ocrx_word' id='word_1_8' title='bbox 1246 678 1280 720; x_wconf 76' lang='lat'>25.</span> <span class='ocrx_word' id='word_1_9' title='bbox 1295 683 1360 721; x_wconf 82' lang='lat' dir='ltr'>nov.</span> <span class='ocrx_word' id='word_1_10' title='bbox 1375 676 1432 720; x_wconf 74' lang='lat' dir='ltr'>toto.</span> <span class='ocrx_word' id='word_1_11' title='bbox 1566 650 1639 722; x_wconf 77' lang='grc'>427</span> 
     </span>
    </p>
   </div>
   <div class='ocr_carea' id='block_1_2' title="bbox 358 923 1623 999">
    <p class='ocr_par' dir='ltr' id='par_1_2' title="bbox 358 923 1623 999">
     <span class='ocr_line' id='line_1_2' title="bbox 358 923 1623 999; baseline 0.002 -7"><span class='ocrx_word' id='word_1_12' title='bbox 358 957 551 992; x_wconf 72' lang='lat' dir='ltr'>usnuusvsor.</span> <span class='ocrx_word' id='word_1_13' title='bbox 818 984 824 994; x_wconf 94' lang='lat'>.</span> <span class='ocrx_word' id='word_1_14' title='bbox 932 923 1048 999; x_wconf 72' lang='lat' dir='ltr'>CCII.</span> <span class='ocrx_word' id='word_1_15' title='bbox 1436 951 1470 991; x_wconf 70' lang='lat'>25.</span> <span class='ocrx_word' id='word_1_16' title='bbox 1485 951 1623 996; x_wconf 61' lang='lat' dir='ltr'>uorstato.</span> 
     </span>
    </p>
   </div>
   <div class='ocr_carea' id='block_1_3' title="bbox 343 1012 1641 1024">
    <p class='ocr_par' dir='ltr' id='par_1_3' title="bbox 343 1012 1641 1024">
     <span class='ocr_line' id='line_1_3' title="bbox 343 1012 1641 1024; baseline 0 0"><span class='ocrx_word' id='word_1_17' title='bbox 343 1012 582 1024; x_wconf 80' lang='grc' dir='ltr'>..----ι</span> <span class='ocrx_word' id='word_1_18' title='bbox 1416 1012 1641 1024; x_wconf 46' lang='grc' dir='ltr'>α--κ-ᾱ</span> 
     </span>
    </p>
   </div>
   <div class='ocr_carea' id='block_1_4' title="bbox 625 1095 1357 1187">
    <p class='ocr_par' dir='ltr' id='par_1_4' title="bbox 625 1095 1357 1187">
     <span class='ocr_line' id='line_1_4' title="bbox 625 1095 1357 1187; baseline 0.003 -33"><span class='ocrx_word' id='word_1_19' title='bbox 625 1095 795 1156; x_wconf 78' lang='lat' dir='ltr'>llrlllTlNO</span> <span class='ocrx_word' id='word_1_20' title='bbox 817 1095 1071 1187; x_wconf 71' lang='lat' dir='ltr'>brennovlu.</span> <span class='ocrx_word' id='word_1_21' title='bbox 1096 1095 1206 1156; x_wconf 76' lang='lat' dir='ltr'>tlvrr.</span> <span class='ocrx_word' id='word_1_22' title='bbox 1230 1096 1357 1156; x_wconf 79' lang='lat' dir='ltr'>satvr.</span> 
     </span>
    </p>
   </div>
   <div class='ocr_carea' id='block_1_5' title="bbox 312 1231 1713 4055">
    <p class='ocr_par' dir='ltr' id='par_1_5' title="bbox 312 1231 1713 3954">
     <span class='ocr_line' id='line_1_5' title="bbox 428 1231 1693 1312; baseline -0.001 -19"><span class='ocrx_word' id='word_1_23' title='bbox 428 1233 515 1304; x_wconf 81' lang='lat' dir='ltr'>Quod</span> <span class='ocrx_word' id='word_1_24' title='bbox 538 1250 634 1310; x_wconf 83' lang='lat' dir='ltr'>neque</span> <span class='ocrx_word' id='word_1_25' title='bbox 657 1231 754 1291; x_wconf 89' lang='lat' dir='ltr'>adbuo</span> <span class='ocrx_word' id='word_1_26' title='bbox 775 1233 878 1309; x_wconf 80' lang='lat' dir='ltr'>scripsi</span> <span class='ocrx_word' id='word_1_27' title='bbox 902 1232 937 1291; x_wconf 93' lang='lat' dir='ltr'>ad</span> <span class='ocrx_word' id='word_1_28' title='bbox 962 1239 989 1291; x_wconf 87' lang='lat' dir='ltr'>to</span> <span class='ocrx_word' id='word_1_29' title='bbox 1012 1251 1108 1312; x_wconf 82' lang='lat' dir='ltr'>noque</span> <span class='ocrx_word' id='word_1_30' title='bbox 1136 1234 1200 1292; x_wconf 85' lang='lat' dir='ltr'>ruisi</span> <span class='ocrx_word' id='word_1_31' title='bbox 1214 1235 1401 1311; x_wconf 71' lang='lat' dir='ltr'>‚quiequam</span> <span class='ocrx_word' id='word_1_32' title='bbox 1430 1234 1459 1292; x_wconf 92' lang='lat' dir='ltr'>in</span> <span class='ocrx_word' id='word_1_33' title='bbox 1484 1252 1571 1293; x_wconf 86' lang='lat' dir='ltr'>rausa</span> <span class='ocrx_word' id='word_1_34' title='bbox 1594 1240 1693 1293; x_wconf 68' lang='lat' dir='ltr'>estro.</span> 
     </span>
     <span class='ocr_line' id='line_1_6' title="bbox 343 1331 1640 1414; baseline -0.001 -20"><span class='ocrx_word' id='word_1_35' title='bbox 343 1335 423 1414; x_wconf 89' lang='lat' dir='ltr'>quod</span> <span class='ocrx_word' id='word_1_36' title='bbox 451 1352 511 1393; x_wconf 94' lang='lat' dir='ltr'>non</span> <span class='ocrx_word' id='word_1_37' title='bbox 539 1333 630 1393; x_wconf 86' lang='lat' dir='ltr'>babui</span> <span class='ocrx_word' id='word_1_38' title='bbox 658 1335 705 1393; x_wconf 85' lang='lat' dir='ltr'>cui</span> <span class='ocrx_word' id='word_1_39' title='bbox 734 1340 814 1393; x_wconf 82' lang='lat' dir='ltr'>reete</span> <span class='ocrx_word' id='word_1_40' title='bbox 843 1336 1073 1402; x_wconf 86' lang='lat' dir='ltr'>rorurnitterem,</span> <span class='ocrx_word' id='word_1_41' title='bbox 1109 1352 1177 1394; x_wconf 92' lang='lat' dir='ltr'>nam</span> <span class='ocrx_word' id='word_1_42' title='bbox 1207 1334 1283 1394; x_wconf 90' lang='lat' dir='ltr'>baud</span> <span class='ocrx_word' id='word_1_43' title='bbox 1312 1334 1382 1394; x_wconf 90' lang='lat' dir='ltr'>dum</span> <span class='ocrx_word' id='word_1_44' title='bbox 1409 1331 1528 1394; x_wconf 82' lang='lat' dir='ltr'>Colonia</span> <span class='ocrx_word' id='word_1_45' title='bbox 1555 1335 1640 1394; x_wconf 89' lang='lat' dir='ltr'>rediit</span> 
     </span>
     <span class='ocr_line' id='line_1_7' title="bbox 323 1434 1686 1516; baseline 0.002 -25"><span class='ocrx_word' id='word_1_46' title='bbox 323 1454 420 1516; x_wconf 72' lang='lat' dir='ltr'>spuet</span> <span class='ocrx_word' id='word_1_47' title='bbox 443 1435 591 1496; x_wconf 73' lang='lat' dir='ltr'>librarius,</span> <span class='ocrx_word' id='word_1_48' title='bbox 637 1436 714 1494; x_wconf 76' lang='lat' dir='ltr'>Arsit</span> <span class='ocrx_word' id='word_1_49' title='bbox 737 1434 864 1494; x_wconf 77' lang='lat' dir='ltr'>Coloniro</span> <span class='ocrx_word' id='word_1_50' title='bbox 887 1454 1004 1514; x_wconf 82' lang='lat' dir='ltr'>quoque</span> <span class='ocrx_word' id='word_1_51' title='bbox 1027 1435 1182 1496; x_wconf 79' lang='lat' dir='ltr'>lutherus.</span> <span class='ocrx_word' id='word_1_52' title='bbox 1227 1436 1306 1510; x_wconf 80' lang='lat' dir='ltr'>Ergo</span> <span class='ocrx_word' id='word_1_53' title='bbox 1330 1435 1381 1494; x_wconf 89' lang='lat' dir='ltr'>ibit</span> <span class='ocrx_word' id='word_1_54' title='bbox 1403 1437 1431 1494; x_wconf 90' lang='lat' dir='ltr'>iu</span> <span class='ocrx_word' id='word_1_55' title='bbox 1455 1437 1552 1512; x_wconf 84' lang='lat' dir='ltr'>iguem</span> <span class='ocrx_word' id='word_1_56' title='bbox 1574 1454 1640 1495; x_wconf 89' lang='lat' dir='ltr'>san·</span> <span class='ocrx_word' id='word_1_57' title='bbox 1676 1449 1686 1465; x_wconf 69' lang='lat'><em>0</em></span> 
     </span>
     <span class='ocr_line' id='line_1_8' title="bbox 344 1536 1695 1616; baseline -0.001 -19"><span class='ocrx_word' id='word_1_58' title='bbox 344 1546 450 1616; x_wconf 82' lang='lat' dir='ltr'>etaquo</span> <span class='ocrx_word' id='word_1_59' title='bbox 477 1536 619 1614; x_wconf 72' lang='lat' dir='ltr'>veriloqui</span> <span class='ocrx_word' id='word_1_60' title='bbox 648 1538 792 1596; x_wconf 82' lang='lat' dir='ltr'>morietur</span> <span class='ocrx_word' id='word_1_61' title='bbox 823 1537 903 1598; x_wconf 86' lang='lat' dir='ltr'>llusa</span> <span class='ocrx_word' id='word_1_62' title='bbox 933 1538 1064 1597; x_wconf 86' lang='lat' dir='ltr'>Lutberi.</span> <span class='ocrx_word' id='word_1_63' title='bbox 1110 1538 1184 1597; x_wconf 88' lang='lat' dir='ltr'>Sunt</span> <span class='ocrx_word' id='word_1_64' title='bbox 1212 1539 1262 1615; x_wconf 89' lang='lat' dir='ltr'>qui</span> <span class='ocrx_word' id='word_1_65' title='bbox 1290 1544 1419 1597; x_wconf 85' lang='lat' dir='ltr'>montem</span> <span class='ocrx_word' id='word_1_66' title='bbox 1448 1537 1695 1597; x_wconf 59' lang='lat' dir='ltr'>adolescentistr·</span> 
     </span>
     <span class='ocr_line' id='line_1_9' title="bbox 346 1638 1642 1717; baseline 0.002 -22"><span class='ocrx_word' id='word_1_67' title='bbox 346 1640 488 1717; x_wconf 77' lang='lat' dir='ltr'>principis</span> <span class='ocrx_word' id='word_1_68' title='bbox 510 1640 657 1698; x_wconf 78' lang='lat' dir='ltr'>invertant</span> <span class='ocrx_word' id='word_1_69' title='bbox 679 1640 739 1697; x_wconf 84' lang='lat' dir='ltr'>suis</span> <span class='ocrx_word' id='word_1_70' title='bbox 761 1638 901 1698; x_wconf 77' lang='lat' dir='ltr'>malt-liris</span> <span class='ocrx_word' id='word_1_71' title='bbox 923 1641 1091 1716; x_wconf 61' lang='lat' dir='ltr'>praestigiis</span> <span class='ocrx_word' id='word_1_72' title='bbox 1116 1657 1190 1716; x_wconf 82' lang='lat' dir='ltr'>quos</span> <span class='ocrx_word' id='word_1_73' title='bbox 1206 1639 1380 1698; x_wconf 83' lang='lat' dir='ltr'>Francisous</span> <span class='ocrx_word' id='word_1_74' title='bbox 1401 1638 1560 1698; x_wconf 76' lang='lat' dir='ltr'>arbitratur</span> <span class='ocrx_word' id='word_1_75' title='bbox 1583 1658 1642 1698; x_wconf 93' lang='lat' dir='ltr'>uon</span> 
     </span>
     <span class='ocr_line' id='line_1_10' title="bbox 344 1739 1643 1800; baseline 0.001 -1"><span class='ocrx_word' id='word_1_76' title='bbox 344 1741 394 1800; x_wconf 87' lang='lat' dir='ltr'>diu</span> <span class='ocrx_word' id='word_1_77' title='bbox 418 1740 572 1799; x_wconf 75' lang='lat' dir='ltr'>valituros:</span> <span class='ocrx_word' id='word_1_78' title='bbox 607 1757 676 1798; x_wconf 91' lang='lat' dir='ltr'>nam</span> <span class='ocrx_word' id='word_1_79' title='bbox 699 1741 775 1799; x_wconf 84' lang='lat' dir='ltr'>iuter</span> <span class='ocrx_word' id='word_1_80' title='bbox 798 1739 935 1798; x_wconf 82' lang='lat' dir='ltr'>Carnlnm</span> <span class='ocrx_word' id='word_1_81' title='bbox 959 1748 987 1798; x_wconf 84' lang='lat' dir='ltr'>et</span> <span class='ocrx_word' id='word_1_82' title='bbox 1009 1741 1139 1800; x_wconf 86' lang='lat' dir='ltr'>Leonem</span> <span class='ocrx_word' id='word_1_83' title='bbox 1167 1758 1225 1798; x_wconf 93' lang='lat' dir='ltr'>uon</span> <span class='ocrx_word' id='word_1_84' title='bbox 1256 1748 1366 1800; x_wconf 87' lang='lat' dir='ltr'>aretam</span> <span class='ocrx_word' id='word_1_85' title='bbox 1394 1741 1457 1800; x_wconf 87' lang='lat' dir='ltr'>loro</span> <span class='ocrx_word' id='word_1_86' title='bbox 1487 1742 1643 1800; x_wconf 75' lang='lat' dir='ltr'>amicitiam</span> 
     </span>
     <span class='ocr_line' id='line_1_11' title="bbox 344 1840 1642 1920; baseline 0 -20"><span class='ocrx_word' id='word_1_87' title='bbox 344 1859 448 1900; x_wconf 84' lang='lat' dir='ltr'>omues</span> <span class='ocrx_word' id='word_1_88' title='bbox 470 1841 667 1901; x_wconf 89' lang='lat' dir='ltr'>arbitrantur:</span> <span class='ocrx_word' id='word_1_89' title='bbox 701 1840 916 1919; x_wconf 81' lang='lat' dir='ltr'>adversunupre</span> <span class='ocrx_word' id='word_1_90' title='bbox 938 1841 1009 1900; x_wconf 91' lang='lat' dir='ltr'>nibil</span> <span class='ocrx_word' id='word_1_91' title='bbox 1032 1843 1126 1919; x_wconf 89' lang='lat' dir='ltr'>potuit</span> <span class='ocrx_word' id='word_1_92' title='bbox 1148 1844 1321 1919; x_wconf 89' lang='lat' dir='ltr'>impetrare;</span> <span class='ocrx_word' id='word_1_93' title='bbox 1356 1843 1424 1920; x_wconf 91' lang='lat' dir='ltr'>quin</span> <span class='ocrx_word' id='word_1_94' title='bbox 1448 1844 1534 1901; x_wconf 84' lang='lat' dir='ltr'>etiarn</span> <span class='ocrx_word' id='word_1_95' title='bbox 1551 1841 1642 1902; x_wconf 81' lang='lat' dir='ltr'>Fran·</span> 
     </span>
     <span class='ocr_line' id='line_1_12' title="bbox 312 1943 1641 2021; baseline 0.001 -20"><span class='ocrx_word' id='word_1_96' title='bbox 312 1946 424 2004; x_wconf 85' lang='lat' dir='ltr'>rorisro</span> <span class='ocrx_word' id='word_1_97' title='bbox 448 1945 517 2021; x_wconf 86' lang='lat' dir='ltr'>ipsi,</span> <span class='ocrx_word' id='word_1_98' title='bbox 546 1944 596 2020; x_wconf 88' lang='lat' dir='ltr'>qui</span> <span class='ocrx_word' id='word_1_99' title='bbox 619 1960 699 2001; x_wconf 87' lang='lat' dir='ltr'>nuno</span> <span class='ocrx_word' id='word_1_100' title='bbox 721 1943 811 2020; x_wconf 88' lang='lat' dir='ltr'>pollet</span> <span class='ocrx_word' id='word_1_101' title='bbox 833 1943 911 2020; x_wconf 90' lang='lat' dir='ltr'>apud</span> <span class='ocrx_word' id='word_1_102' title='bbox 933 1961 1051 2019; x_wconf 76' lang='lat' dir='ltr'>regem,</span> <span class='ocrx_word' id='word_1_103' title='bbox 1080 1945 1141 2021; x_wconf 91' lang='lat' dir='ltr'>ipso</span> <span class='ocrx_word' id='word_1_104' title='bbox 1171 1962 1222 2003; x_wconf 84' lang='lat' dir='ltr'>rex</span> <span class='ocrx_word' id='word_1_105' title='bbox 1250 1943 1396 2021; x_wconf 74' lang='lat' dir='ltr'>pollicitus</span> <span class='ocrx_word' id='word_1_106' title='bbox 1425 1950 1469 2004; x_wconf 84' lang='lat' dir='ltr'>ost</span> <span class='ocrx_word' id='word_1_107' title='bbox 1494 1961 1553 2003; x_wconf 93' lang='lat' dir='ltr'>nou</span> <span class='ocrx_word' id='word_1_108' title='bbox 1575 1961 1641 2021; x_wconf 91' lang='lat' dir='ltr'>pas·</span> 
     </span>
     <span class='ocr_line' id='line_1_13' title="bbox 345 2044 1696 2123; baseline -0.001 -20"><span class='ocrx_word' id='word_1_109' title='bbox 345 2063 449 2105; x_wconf 86' lang='lat' dir='ltr'>surum</span> <span class='ocrx_word' id='word_1_110' title='bbox 477 2063 509 2103; x_wconf 89' lang='lat' dir='ltr'>so</span> <span class='ocrx_word' id='word_1_111' title='bbox 538 2044 698 2104; x_wconf 90' lang='lat' dir='ltr'>inauditum</span> <span class='ocrx_word' id='word_1_112' title='bbox 728 2063 775 2103; x_wconf 82' lang='lat' dir='ltr'>rur</span> <span class='ocrx_word' id='word_1_113' title='bbox 803 2045 950 2120; x_wconf 80' lang='lat' dir='ltr'>incognita</span> <span class='ocrx_word' id='word_1_114' title='bbox 980 2063 1067 2104; x_wconf 86' lang='lat' dir='ltr'>rausa</span> <span class='ocrx_word' id='word_1_115' title='bbox 1090 2045 1135 2105; x_wconf 84' lang='lat' dir='ltr'>rel</span> <span class='ocrx_word' id='word_1_116' title='bbox 1162 2045 1285 2105; x_wconf 78' lang='lat' dir='ltr'>indicari</span> <span class='ocrx_word' id='word_1_117' title='bbox 1309 2044 1353 2105; x_wconf 88' lang='lat' dir='ltr'>rel</span> <span class='ocrx_word' id='word_1_118' title='bbox 1375 2046 1510 2123; x_wconf 89' lang='lat' dir='ltr'>opprimi.</span> <span class='ocrx_word' id='word_1_119' title='bbox 1557 2044 1696 2114; x_wconf 61' lang='lat' dir='ltr'>Quodld.</span> 
     </span>
     <span class='ocr_line' id='line_1_14' title="bbox 346 2145 1641 2226; baseline 0 -21"><span class='ocrx_word' id='word_1_120' title='bbox 346 2146 431 2226; x_wconf 81' lang='lat' dir='ltr'>rprale</span> <span class='ocrx_word' id='word_1_121' title='bbox 454 2146 492 2205; x_wconf 85' lang='lat' dir='ltr'>sit</span> <span class='ocrx_word' id='word_1_122' title='bbox 507 2145 645 2205; x_wconf 42' lang='lat' dir='ltr'>*luturum</span> <span class='ocrx_word' id='word_1_123' title='bbox 668 2146 840 2205; x_wconf 80' lang='lat' dir='ltr'>ridebimus.</span> <span class='ocrx_word' id='word_1_124' title='bbox 886 2148 1021 2224; x_wconf 75' lang='lat' dir='ltr'>proximo</span> <span class='ocrx_word' id='word_1_125' title='bbox 1045 2154 1191 2206; x_wconf 79' lang='lat' dir='ltr'>conventu</span> <span class='ocrx_word' id='word_1_126' title='bbox 1217 2149 1266 2224; x_wconf 86' lang='lat' dir='ltr'>qni</span> <span class='ocrx_word' id='word_1_127' title='bbox 1289 2145 1467 2205; x_wconf 83' lang='lat' dir='ltr'>l&#39;ormatiam</span> <span class='ocrx_word' id='word_1_128' title='bbox 1495 2146 1641 2214; x_wconf 83' lang='lat' dir='ltr'>iudicitur,</span> 
     </span>
     <span class='ocr_line' id='line_1_15' title="bbox 346 2246 1642 2326; baseline -0.002 -19"><span class='ocrx_word' id='word_1_129' title='bbox 346 2250 536 2325; x_wconf 80' lang='lat' dir='ltr'>experiemur</span> <span class='ocrx_word' id='word_1_130' title='bbox 565 2246 658 2325; x_wconf 79' lang='lat' dir='ltr'>qualis</span> <span class='ocrx_word' id='word_1_131' title='bbox 686 2248 810 2326; x_wconf 81' lang='lat' dir='ltr'>quisquo</span> <span class='ocrx_word' id='word_1_132' title='bbox 839 2255 868 2316; x_wconf 79' lang='lat' dir='ltr'>et</span> <span class='ocrx_word' id='word_1_133' title='bbox 889 2267 978 2326; x_wconf 81' lang='lat' dir='ltr'>quani</span> <span class='ocrx_word' id='word_1_134' title='bbox 1000 2255 1118 2308; x_wconf 82' lang='lat' dir='ltr'>tueatur</span> <span class='ocrx_word' id='word_1_135' title='bbox 1140 2250 1328 2307; x_wconf 88' lang='lat' dir='ltr'>sententiam:</span> <span class='ocrx_word' id='word_1_136' title='bbox 1362 2266 1432 2306; x_wconf 81' lang='lat' dir='ltr'>nani</span> <span class='ocrx_word' id='word_1_137' title='bbox 1455 2254 1525 2306; x_wconf 87' lang='lat' dir='ltr'>tuno</span> <span class='ocrx_word' id='word_1_138' title='bbox 1547 2266 1642 2307; x_wconf 88' lang='lat' dir='ltr'>emer·</span> 
     </span>
     <span class='ocr_line' id='line_1_16' title="bbox 346 2348 1641 2429; baseline 0 -22"><span class='ocrx_word' id='word_1_139' title='bbox 346 2357 416 2426; x_wconf 77' lang='lat' dir='ltr'>gent</span> <span class='ocrx_word' id='word_1_140' title='bbox 439 2368 515 2427; x_wconf 87' lang='lat' dir='ltr'>quos</span> <span class='ocrx_word' id='word_1_141' title='bbox 537 2348 559 2407; x_wconf 90' lang='lat' dir='ltr'>F</span> <span class='ocrx_word' id='word_1_142' title='bbox 561 2350 714 2408; x_wconf 84' lang='lat' dir='ltr'>ranrisrus</span> <span class='ocrx_word' id='word_1_143' title='bbox 736 2349 897 2409; x_wconf 86' lang='lat' dir='ltr'>arbitratur</span> <span class='ocrx_word' id='word_1_144' title='bbox 919 2369 984 2410; x_wconf 84' lang='lat' dir='ltr'>esso</span> <span class='ocrx_word' id='word_1_145' title='bbox 1007 2350 1175 2428; x_wconf 86' lang='lat' dir='ltr'>complures</span> <span class='ocrx_word' id='word_1_146' title='bbox 1190 2351 1240 2429; x_wconf 83' lang='lat' dir='ltr'>qui</span> <span class='ocrx_word' id='word_1_147' title='bbox 1261 2369 1315 2409; x_wconf 87' lang='lat' dir='ltr'>nos</span> <span class='ocrx_word' id='word_1_148' title='bbox 1331 2351 1448 2409; x_wconf 84' lang='lat' dir='ltr'>rineoro</span> <span class='ocrx_word' id='word_1_149' title='bbox 1463 2348 1566 2416; x_wconf 77' lang='lat' dir='ltr'>velint,</span> <span class='ocrx_word' id='word_1_150' title='bbox 1590 2349 1641 2408; x_wconf 90' lang='lat' dir='ltr'>ali-</span> 
     </span>
     <span class='ocr_line' id='line_1_17' title="bbox 312 2451 1698 2530; baseline 0.002 -24"><span class='ocrx_word' id='word_1_151' title='bbox 312 2466 423 2530; x_wconf 70' lang='lat' dir='ltr'>roquos</span> <span class='ocrx_word' id='word_1_152' title='bbox 445 2453 495 2529; x_wconf 82' lang='lat' dir='ltr'>qui</span> <span class='ocrx_word' id='word_1_153' title='bbox 518 2457 546 2509; x_wconf 88' lang='lat' dir='ltr'>ot</span> <span class='ocrx_word' id='word_1_154' title='bbox 568 2451 623 2528; x_wconf 88' lang='lat' dir='ltr'>ipsi</span> <span class='ocrx_word' id='word_1_155' title='bbox 644 2451 738 2527; x_wconf 91' lang='lat' dir='ltr'>parati</span> <span class='ocrx_word' id='word_1_156' title='bbox 760 2452 818 2509; x_wconf 90' lang='lat' dir='ltr'>sint</span> <span class='ocrx_word' id='word_1_157' title='bbox 839 2467 983 2529; x_wconf 78' lang='lat' dir='ltr'>pugnare.</span> <span class='ocrx_word' id='word_1_158' title='bbox 1028 2451 1233 2513; x_wconf 84' lang='lat' dir='ltr'>Ferdiuondus</span> <span class='ocrx_word' id='word_1_159' title='bbox 1253 2452 1359 2512; x_wconf 84' lang='lat' dir='ltr'>dicitnr</span> <span class='ocrx_word' id='word_1_160' title='bbox 1380 2451 1505 2511; x_wconf 63' lang='lat' dir='ltr'>Austris}</span> <span class='ocrx_word' id='word_1_161' title='bbox 1531 2468 1585 2510; x_wconf 82' lang='lat' dir='ltr'>rex</span> <span class='ocrx_word' id='word_1_162' title='bbox 1614 2457 1698 2509; x_wconf 63' lang='lat' dir='ltr'>etro.</span> 
     </span>
     <span class='ocr_line' id='line_1_18' title="bbox 347 2551 1641 2632; baseline -0.002 -20"><span class='ocrx_word' id='word_1_163' title='bbox 347 2572 470 2613; x_wconf 80' lang='lat' dir='ltr'>uxorein</span> <span class='ocrx_word' id='word_1_164' title='bbox 494 2553 581 2612; x_wconf 80' lang='lat' dir='ltr'>duret</span> <span class='ocrx_word' id='word_1_165' title='bbox 605 2553 752 2627; x_wconf 83' lang='lat' dir='ltr'>Ungaram</span> <span class='ocrx_word' id='word_1_166' title='bbox 774 2551 902 2630; x_wconf 76' lang='lat' dir='ltr'>pudlanr</span> <span class='ocrx_word' id='word_1_167' title='bbox 925 2555 1000 2629; x_wconf 79' lang='lat' dir='ltr'>regii</span> <span class='ocrx_word' id='word_1_168' title='bbox 1023 2555 1149 2630; x_wconf 78' lang='lat' dir='ltr'>generis.</span> <span class='ocrx_word' id='word_1_169' title='bbox 1191 2553 1256 2630; x_wconf 90' lang='lat' dir='ltr'>lpse</span> <span class='ocrx_word' id='word_1_170' title='bbox 1272 2551 1394 2612; x_wconf 80' lang='lat' dir='ltr'>Carolus</span> <span class='ocrx_word' id='word_1_171' title='bbox 1416 2551 1551 2632; x_wconf 89' lang='lat' dir='ltr'>proximo</span> <span class='ocrx_word' id='word_1_172' title='bbox 1573 2569 1641 2610; x_wconf 87' lang='lat' dir='ltr'>vero</span> 
     </span>
     <span class='ocr_line' id='line_1_19' title="bbox 346 2650 1699 2734; baseline -0.004 -20"><span class='ocrx_word' id='word_1_173' title='bbox 346 2662 512 2715; x_wconf 79' lang='lat' dir='ltr'>revertetur</span> <span class='ocrx_word' id='word_1_174' title='bbox 535 2655 564 2712; x_wconf 90' lang='lat' dir='ltr'>iu</span> <span class='ocrx_word' id='word_1_175' title='bbox 586 2653 749 2731; x_wconf 79' lang='lat' dir='ltr'>Hispanias,</span> <span class='ocrx_word' id='word_1_176' title='bbox 794 2654 836 2714; x_wconf 85' lang='lat' dir='ltr'>[le</span> <span class='ocrx_word' id='word_1_177' title='bbox 859 2654 941 2734; x_wconf 81' lang='lat' dir='ltr'>Gallo</span> <span class='ocrx_word' id='word_1_178' title='bbox 965 2663 994 2715; x_wconf 87' lang='lat' dir='ltr'>et</span> <span class='ocrx_word' id='word_1_179' title='bbox 1015 2656 1152 2716; x_wconf 85' lang='lat' dir='ltr'>Helvetiis</span> <span class='ocrx_word' id='word_1_180' title='bbox 1179 2656 1288 2715; x_wconf 91' lang='lat' dir='ltr'>mirum</span> <span class='ocrx_word' id='word_1_181' title='bbox 1316 2661 1360 2713; x_wconf 90' lang='lat' dir='ltr'>est</span> <span class='ocrx_word' id='word_1_182' title='bbox 1380 2652 1537 2714; x_wconf 87' lang='lat' dir='ltr'>silentium.</span> <span class='ocrx_word' id='word_1_183' title='bbox 1582 2650 1699 2710; x_wconf 67' lang='lat' dir='ltr'>lta-ra.</span> 
     </span>
     <span class='ocr_line' id='line_1_20' title="bbox 348 2755 1646 2833; baseline -0.001 -18"><span class='ocrx_word' id='word_1_184' title='bbox 348 2759 426 2816; x_wconf 81' lang='lat' dir='ltr'>ximo</span> <span class='ocrx_word' id='word_1_185' title='bbox 449 2774 517 2814; x_wconf 87' lang='lat' dir='ltr'>rum</span> <span class='ocrx_word' id='word_1_186' title='bbox 536 2755 642 2815; x_wconf 86' lang='lat' dir='ltr'>dolore</span> <span class='ocrx_word' id='word_1_187' title='bbox 665 2755 862 2832; x_wconf 92' lang='lat' dir='ltr'>plurimorum</span> <span class='ocrx_word' id='word_1_188' title='bbox 884 2759 979 2816; x_wconf 90' lang='lat' dir='ltr'>omnis</span> <span class='ocrx_word' id='word_1_189' title='bbox 1002 2759 1119 2833; x_wconf 83' lang='lat' dir='ltr'>gerieris</span> <span class='ocrx_word' id='word_1_190' title='bbox 1142 2763 1171 2817; x_wconf 89' lang='lat' dir='ltr'>et</span> <span class='ocrx_word' id='word_1_191' title='bbox 1193 2756 1303 2815; x_wconf 92' lang='lat' dir='ltr'>ordinis</span> <span class='ocrx_word' id='word_1_192' title='bbox 1333 2755 1484 2815; x_wconf 90' lang='lat' dir='ltr'>bominum</span> <span class='ocrx_word' id='word_1_193' title='bbox 1508 2762 1646 2814; x_wconf 83' lang='lat' dir='ltr'>arserunt</span> 
     </span>
     <span class='ocr_line' id='line_1_21' title="bbox 349 2856 1644 2935; baseline 0 -18"><span class='ocrx_word' id='word_1_194' title='bbox 349 2857 478 2917; x_wconf 72' lang='lat' dir='ltr'>Coloniae</span> <span class='ocrx_word' id='word_1_195' title='bbox 494 2856 688 2925; x_wconf 78' lang='lat' dir='ltr'>lartlreriana,</span> <span class='ocrx_word' id='word_1_196' title='bbox 712 2863 825 2917; x_wconf 79' lang='lat' dir='ltr'>uultum</span> <span class='ocrx_word' id='word_1_197' title='bbox 848 2857 1020 2917; x_wconf 84' lang='lat' dir='ltr'>sarritirulis</span> <span class='ocrx_word' id='word_1_198' title='bbox 1035 2857 1210 2935; x_wconf 81' lang='lat' dir='ltr'>quibusdam</span> <span class='ocrx_word' id='word_1_199' title='bbox 1233 2859 1331 2917; x_wconf 80' lang='lat' dir='ltr'>arrisit</span> <span class='ocrx_word' id='word_1_200' title='bbox 1352 2858 1512 2933; x_wconf 77' lang='lat' dir='ltr'>negotium.</span> <span class='ocrx_word' id='word_1_201' title='bbox 1549 2860 1644 2920; x_wconf 78' lang='lat' dir='ltr'>Audio</span> 
     </span>
     <span class='ocr_line' id='line_1_22' title="bbox 314 2957 1644 3037; baseline 0.002 -19"><span class='ocrx_word' id='word_1_202' title='bbox 314 2961 387 3020; x_wconf 75' lang='lat' dir='ltr'>aoita</span> <span class='ocrx_word' id='word_1_203' title='bbox 416 2959 606 3036; x_wconf 82' lang='lat' dir='ltr'>pertinaciter</span> <span class='ocrx_word' id='word_1_204' title='bbox 635 2958 733 3019; x_wconf 82' lang='lat' dir='ltr'>lavere</span> <span class='ocrx_word' id='word_1_205' title='bbox 756 2958 886 3018; x_wconf 89' lang='lat' dir='ltr'>Lutboro</span> <span class='ocrx_word' id='word_1_206' title='bbox 915 2979 950 3018; x_wconf 84' lang='lat' dir='ltr'>ox</span> <span class='ocrx_word' id='word_1_207' title='bbox 975 2957 1122 3018; x_wconf 90' lang='lat' dir='ltr'>nobilibus</span> <span class='ocrx_word' id='word_1_208' title='bbox 1144 2958 1302 3037; x_wconf 84' lang='lat' dir='ltr'>quosdam,</span> <span class='ocrx_word' id='word_1_209' title='bbox 1332 2959 1561 3021; x_wconf 65' lang='lat' dir='ltr'>utd‘raneisous</span> <span class='ocrx_word' id='word_1_210' title='bbox 1583 2963 1644 3021; x_wconf 83' lang='lat' dir='ltr'>exi·</span> 
     </span>
     <span class='ocr_line' id='line_1_23' title="bbox 349 3059 1643 3138; baseline -0.001 -16"><span class='ocrx_word' id='word_1_211' title='bbox 349 3066 444 3122; x_wconf 87' lang='lat' dir='ltr'>stimet</span> <span class='ocrx_word' id='word_1_212' title='bbox 468 3061 504 3121; x_wconf 87' lang='lat' dir='ltr'>ad</span> <span class='ocrx_word' id='word_1_213' title='bbox 528 3060 700 3120; x_wconf 84' lang='lat' dir='ltr'>seditionem</span> <span class='ocrx_word' id='word_1_214' title='bbox 724 3062 829 3121; x_wconf 80' lang='lat' dir='ltr'>exinde</span> <span class='ocrx_word' id='word_1_215' title='bbox 851 3059 1048 3137; x_wconf 79' lang='lat' dir='ltr'>periculosam</span> <span class='ocrx_word' id='word_1_216' title='bbox 1070 3078 1277 3138; x_wconf 76' lang='lat' dir='ltr'>processuram</span> <span class='ocrx_word' id='word_1_217' title='bbox 1294 3078 1358 3120; x_wconf 89' lang='lat' dir='ltr'>rom</span> <span class='ocrx_word' id='word_1_218' title='bbox 1374 3079 1452 3128; x_wconf 82' lang='lat' dir='ltr'>esse,</span> <span class='ocrx_word' id='word_1_219' title='bbox 1477 3063 1500 3120; x_wconf 90' lang='lat' dir='ltr'>si</span> <span class='ocrx_word' id='word_1_220' title='bbox 1516 3061 1643 3121; x_wconf 72' lang='lat' dir='ltr'>Colonia</span> 
     </span>
     <span class='ocr_line' id='line_1_24' title="bbox 349 3161 1697 3241; baseline -0.002 -18"><span class='ocrx_word' id='word_1_221' title='bbox 349 3164 444 3223; x_wconf 87' lang='lat' dir='ltr'>adbuo</span> <span class='ocrx_word' id='word_1_222' title='bbox 479 3162 581 3222; x_wconf 80' lang='lat' dir='ltr'>luisset</span> <span class='ocrx_word' id='word_1_223' title='bbox 609 3161 799 3221; x_wconf 83' lang='lat' dir='ltr'>Frideriolrus</span> <span class='ocrx_word' id='word_1_224' title='bbox 826 3162 920 3221; x_wconf 83' lang='lat' dir='ltr'>Saxo:</span> <span class='ocrx_word' id='word_1_225' title='bbox 957 3179 1026 3221; x_wconf 90' lang='lat' dir='ltr'>nam</span> <span class='ocrx_word' id='word_1_226' title='bbox 1060 3161 1147 3240; x_wconf 90' lang='lat' dir='ltr'>paulo</span> <span class='ocrx_word' id='word_1_227' title='bbox 1169 3168 1247 3221; x_wconf 84' lang='lat' dir='ltr'>&#39;anto</span> <span class='ocrx_word' id='word_1_228' title='bbox 1279 3162 1400 3223; x_wconf 84' lang='lat' dir='ltr'>abierat.</span> <span class='ocrx_word' id='word_1_229' title='bbox 1445 3161 1697 3241; x_wconf 72' lang='lat' dir='ltr'>Expertarnuslo.</span> 
     </span>
     <span class='ocr_line' id='line_1_25' title="bbox 348 3261 1641 3349; baseline -0.002 -22"><span class='ocrx_word' id='word_1_230' title='bbox 348 3267 505 3341; x_wconf 75' lang='lat' dir='ltr'>llloguntito</span> <span class='ocrx_word' id='word_1_231' title='bbox 534 3263 604 3341; x_wconf 86' lang='lat' dir='ltr'>quid</span> <span class='ocrx_word' id='word_1_232' title='bbox 632 3264 696 3332; x_wconf 86' lang='lat' dir='ltr'>fiat,</span> <span class='ocrx_word' id='word_1_233' title='bbox 734 3282 803 3322; x_wconf 88' lang='lat' dir='ltr'>nam</span> <span class='ocrx_word' id='word_1_234' title='bbox 832 3269 862 3322; x_wconf 87' lang='lat' dir='ltr'>et</span> <span class='ocrx_word' id='word_1_235' title='bbox 889 3261 928 3321; x_wconf 90' lang='lat' dir='ltr'>ibi</span> <span class='ocrx_word' id='word_1_236' title='bbox 958 3263 1112 3323; x_wconf 78' lang='lat' dir='ltr'>tentalrunt</span> <span class='ocrx_word' id='word_1_237' title='bbox 1144 3264 1311 3324; x_wconf 82' lang='lat' dir='ltr'>adversarii.</span> <span class='ocrx_word' id='word_1_238' title='bbox 1357 3263 1519 3349; x_wconf 80' lang='lat' dir='ltr'>Lutherum</span> <span class='ocrx_word' id='word_1_239' title='bbox 1547 3264 1641 3325; x_wconf 85' lang='lat' dir='ltr'>audiri</span> 
     </span>
     <span class='ocr_line' id='line_1_26' title="bbox 348 3364 1642 3443; baseline -0.002 -16"><span class='ocrx_word' id='word_1_240' title='bbox 348 3366 436 3427; x_wconf 88' lang='lat' dir='ltr'>bodie</span> <span class='ocrx_word' id='word_1_241' title='bbox 463 3367 563 3425; x_wconf 82' lang='lat' dir='ltr'>neseio</span> <span class='ocrx_word' id='word_1_242' title='bbox 592 3366 660 3443; x_wconf 85' lang='lat' dir='ltr'>quid</span> <span class='ocrx_word' id='word_1_243' title='bbox 692 3366 837 3433; x_wconf 85' lang='lat' dir='ltr'>emisisse,</span> <span class='ocrx_word' id='word_1_244' title='bbox 868 3383 926 3441; x_wconf 81' lang='lat' dir='ltr'>quo</span> <span class='ocrx_word' id='word_1_245' title='bbox 955 3364 1084 3424; x_wconf 87' lang='lat' dir='ltr'>Looneru</span> <span class='ocrx_word' id='word_1_246' title='bbox 1108 3365 1142 3424; x_wconf 81' lang='lat' dir='ltr'>X.</span> <span class='ocrx_word' id='word_1_247' title='bbox 1171 3367 1406 3426; x_wconf 80' lang='lat' dir='ltr'>excommunicet</span> <span class='ocrx_word' id='word_1_248' title='bbox 1433 3372 1462 3424; x_wconf 89' lang='lat' dir='ltr'>et</span> <span class='ocrx_word' id='word_1_249' title='bbox 1488 3365 1642 3426; x_wconf 87' lang='lat' dir='ltr'>anathema</span> 
     </span>
     <span class='ocr_line' id='line_1_27' title="bbox 314 3465 1698 3546; baseline 0.002 -24"><span class='ocrx_word' id='word_1_250' title='bbox 314 3468 445 3528; x_wconf 75' lang='lat' dir='ltr'>aslaeiat.</span> <span class='ocrx_word' id='word_1_251' title='bbox 498 3467 628 3543; x_wconf 78' lang='lat' dir='ltr'>tlapnion</span> <span class='ocrx_word' id='word_1_252' title='bbox 661 3466 831 3546; x_wconf 87' lang='lat' dir='ltr'>appellarit,</span> <span class='ocrx_word' id='word_1_253' title='bbox 870 3485 955 3544; x_wconf 84' lang='lat' dir='ltr'>quem</span> <span class='ocrx_word' id='word_1_254' title='bbox 989 3465 1165 3527; x_wconf 83' lang='lat' dir='ltr'>Francisous</span> <span class='ocrx_word' id='word_1_255' title='bbox 1199 3467 1328 3527; x_wconf 87' lang='lat' dir='ltr'>tuebitur</span> <span class='ocrx_word' id='word_1_256' title='bbox 1364 3468 1459 3528; x_wconf 92' lang='lat' dir='ltr'>modis</span> <span class='ocrx_word' id='word_1_257' title='bbox 1495 3467 1698 3528; x_wconf 74' lang='lat' dir='ltr'>omnibustr.</span> 
     </span>
     <span class='ocr_line' id='line_1_28' title="bbox 347 3566 1713 3648; baseline 0.001 -19"><span class='ocrx_word' id='word_1_258' title='bbox 347 3570 556 3645; x_wconf 80' lang='lat' dir='ltr'>llogostraturu</span> <span class='ocrx_word' id='word_1_259' title='bbox 585 3575 720 3628; x_wconf 89' lang='lat' dir='ltr'>orantem</span> <span class='ocrx_word' id='word_1_260' title='bbox 749 3568 882 3643; x_wconf 78' lang='lat' dir='ltr'>legimus.</span> <span class='ocrx_word' id='word_1_261' title='bbox 933 3567 1016 3627; x_wconf 88' lang='lat' dir='ltr'>Bnlla</span> <span class='ocrx_word' id='word_1_262' title='bbox 1046 3570 1162 3645; x_wconf 77' lang='lat' dir='ltr'>expedit</span> <span class='ocrx_word' id='word_1_263' title='bbox 1189 3587 1220 3629; x_wconf 88' lang='lat' dir='ltr'>so</span> <span class='ocrx_word' id='word_1_264' title='bbox 1250 3576 1277 3628; x_wconf 85' lang='lat' dir='ltr'>ot</span> <span class='ocrx_word' id='word_1_265' title='bbox 1305 3570 1528 3630; x_wconf 81' lang='lat' dir='ltr'>exerevitmibi</span> <span class='ocrx_word' id='word_1_266' title='bbox 1550 3572 1644 3648; x_wconf 90' lang='lat' dir='ltr'>inopi·</span> <span class='ocrx_word' id='word_1_267' title='bbox 1711 3566 1713 3570; x_wconf 66' lang='grc'>’</span> 
     </span>
     <span class='ocr_line' id='line_1_29' title="bbox 348 3668 1701 3750; baseline -0.001 -20"><span class='ocrx_word' id='word_1_268' title='bbox 348 3672 429 3731; x_wconf 93' lang='lat' dir='ltr'>nauti</span> <span class='ocrx_word' id='word_1_269' title='bbox 452 3672 480 3729; x_wconf 92' lang='lat' dir='ltr'>in</span> <span class='ocrx_word' id='word_1_270' title='bbox 503 3669 634 3745; x_wconf 83' lang='lat' dir='ltr'>longum.</span> <span class='ocrx_word' id='word_1_271' title='bbox 680 3671 793 3729; x_wconf 84' lang='lat' dir='ltr'>Sinon</span> <span class='ocrx_word' id='word_1_272' title='bbox 819 3670 921 3729; x_wconf 88' lang='lat' dir='ltr'>misisti</span> <span class='ocrx_word' id='word_1_273' title='bbox 944 3668 1122 3730; x_wconf 78' lang='lat' dir='ltr'>l&#39;ormatiam</span> <span class='ocrx_word' id='word_1_274' title='bbox 1150 3670 1242 3729; x_wconf 87' lang='lat' dir='ltr'>libros</span> <span class='ocrx_word' id='word_1_275' title='bbox 1271 3670 1436 3746; x_wconf 78' lang='lat' dir='ltr'>colligatos,</span> <span class='ocrx_word' id='word_1_276' title='bbox 1465 3674 1546 3731; x_wconf 88' lang='lat' dir='ltr'>mitto</span> <span class='ocrx_word' id='word_1_277' title='bbox 1575 3690 1644 3750; x_wconf 93' lang='lat' dir='ltr'>pro·</span> <span class='ocrx_word' id='word_1_278' title='bbox 1654 3679 1701 3728; x_wconf 68' lang='lat' dir='ltr'>§.s</span> 
     </span>
     <span class='ocr_line' id='line_1_30' title="bbox 348 3770 1644 3852; baseline 0.004 -24"><span class='ocrx_word' id='word_1_279' title='bbox 348 3787 429 3850; x_wconf 83' lang='lat' dir='ltr'>pere.</span> <span class='ocrx_word' id='word_1_280' title='bbox 476 3770 527 3831; x_wconf 84' lang='lat' dir='ltr'>ibit</span> <span class='ocrx_word' id='word_1_281' title='bbox 549 3771 585 3829; x_wconf 89' lang='lat' dir='ltr'>ad</span> <span class='ocrx_word' id='word_1_282' title='bbox 608 3777 652 3838; x_wconf 88' lang='lat' dir='ltr'>to,</span> <span class='ocrx_word' id='word_1_283' title='bbox 682 3772 899 3849; x_wconf 82' lang='lat' dir='ltr'>‹pramprimunr</span> <span class='ocrx_word' id='word_1_284' title='bbox 925 3788 1064 3830; x_wconf 78' lang='lat' dir='ltr'>resersus</span> <span class='ocrx_word' id='word_1_285' title='bbox 1086 3770 1188 3838; x_wconf 84' lang='lat' dir='ltr'>suerit,</span> <span class='ocrx_word' id='word_1_286' title='bbox 1218 3789 1294 3849; x_wconf 90' lang='lat' dir='ltr'>puer</span> <span class='ocrx_word' id='word_1_287' title='bbox 1322 3772 1493 3852; x_wconf 86' lang='lat' dir='ltr'>bibliopola.</span> <span class='ocrx_word' id='word_1_288' title='bbox 1518 3780 1546 3833; x_wconf 89' lang='lat' dir='ltr'>et</span> <span class='ocrx_word' id='word_1_289' title='bbox 1568 3774 1644 3833; x_wconf 82' lang='lat' dir='ltr'>sorte</span> 
     </span>
     <span class='ocr_line' id='line_1_31' title="bbox 349 3872 1695 3954; baseline 0.001 -21"><span class='ocrx_word' id='word_1_290' title='bbox 349 3873 421 3933; x_wconf 87' lang='lat' dir='ltr'>alios</span> <span class='ocrx_word' id='word_1_291' title='bbox 450 3873 563 3932; x_wconf 79' lang='lat' dir='ltr'>adseret</span> <span class='ocrx_word' id='word_1_292' title='bbox 590 3872 690 3932; x_wconf 86' lang='lat' dir='ltr'>itidour</span> <span class='ocrx_word' id='word_1_293' title='bbox 718 3872 965 3951; x_wconf 83' lang='lat' dir='ltr'>rornpingendos,</span> <span class='ocrx_word' id='word_1_294' title='bbox 999 3872 1050 3932; x_wconf 93' lang='lat' dir='ltr'>ubi</span> <span class='ocrx_word' id='word_1_295' title='bbox 1079 3892 1149 3933; x_wconf 85' lang='lat' dir='ltr'>eura</span> <span class='ocrx_word' id='word_1_296' title='bbox 1184 3880 1216 3932; x_wconf 89' lang='lat' dir='ltr'>ut</span> <span class='ocrx_word' id='word_1_297' title='bbox 1244 3874 1427 3934; x_wconf 83' lang='lat' dir='ltr'>nitidiusoulo</span> <span class='ocrx_word' id='word_1_298' title='bbox 1457 3875 1645 3954; x_wconf 86' lang='lat' dir='ltr'>adparentnr.</span> <span class='ocrx_word' id='word_1_299' title='bbox 1687 3927 1695 3942; x_wconf 82' lang='lat'><em>,</em></span> 
     </span>
    </p>

    <p class='ocr_par' dir='ltr' id='par_1_6' title="bbox 314 3974 1647 4055">
     <span class='ocr_line' id='line_1_32' title="bbox 314 3974 1647 4055; baseline 0.008 -27"><span class='ocrx_word' id='word_1_300' title='bbox 314 3974 455 4034; x_wconf 78' lang='lat' dir='ltr'>soLibros</span> <span class='ocrx_word' id='word_1_301' title='bbox 478 3974 514 4032; x_wconf 92' lang='lat' dir='ltr'>da</span> <span class='ocrx_word' id='word_1_302' title='bbox 537 3974 574 4033; x_wconf 95' lang='lat' dir='ltr'>ad</span> <span class='ocrx_word' id='word_1_303' title='bbox 597 3974 758 4042; x_wconf 71' lang='lat' dir='ltr'>&#39;liloniunu</span> <span class='ocrx_word' id='word_1_304' title='bbox 793 3975 845 4034; x_wconf 85' lang='lat' dir='ltr'>sod</span> <span class='ocrx_word' id='word_1_305' title='bbox 867 3976 979 4035; x_wconf 89' lang='lat' dir='ltr'>utinam</span> <span class='ocrx_word' id='word_1_306' title='bbox 1003 3977 1060 4036; x_wconf 93' lang='lat' dir='ltr'>iam</span> <span class='ocrx_word' id='word_1_307' title='bbox 1083 3975 1214 4052; x_wconf 54' lang='lat' dir='ltr'>doloris,</span> <span class='ocrx_word' id='word_1_308' title='bbox 1238 3993 1306 4036; x_wconf 89' lang='lat' dir='ltr'>nuru</span> <span class='ocrx_word' id='word_1_309' title='bbox 1330 3977 1411 4036; x_wconf 89' lang='lat' dir='ltr'>mitto</span> <span class='ocrx_word' id='word_1_310' title='bbox 1433 3995 1513 4037; x_wconf 84' lang='lat' dir='ltr'>nuno</span> <span class='ocrx_word' id='word_1_311' title='bbox 1535 3978 1599 4055; x_wconf 85' lang='lat' dir='ltr'>qui,</span> <span class='ocrx_word' id='word_1_312' title='bbox 1623 3978 1647 4038; x_wconf 87' lang='lat' dir='ltr'>si</span> 
     </span>
    </p>
   </div>
   <div class='ocr_carea' id='block_1_6' title="bbox 302 4171 1645 4245">
    <p class='ocr_par' dir='ltr' id='par_1_7' title="bbox 302 4171 1645 4245">
     <span class='ocr_line' id='line_1_33' title="bbox 302 4171 1645 4245; baseline 0.001 -19"><span class='ocrx_word' id='word_1_313' title='bbox 302 4171 313 4189; x_wconf 73' lang='lat'>⁸</span> <span class='ocrx_word' id='word_1_314' title='bbox 348 4176 432 4228; x_wconf 78' lang='lat' dir='ltr'>ccli.</span> <span class='ocrx_word' id='word_1_315' title='bbox 459 4176 658 4227; x_wconf 81' lang='lat' dir='ltr'>l=Riihriolr</span> <span class='ocrx_word' id='word_1_316' title='bbox 677 4177 748 4234; x_wconf 75' lang='lat' dir='ltr'>lind.</span> <span class='ocrx_word' id='word_1_317' title='bbox 762 4177 830 4228; x_wconf 88' lang='lat' dir='ltr'>bibl.</span> <span class='ocrx_word' id='word_1_318' title='bbox 844 4194 870 4227; x_wconf 92' lang='lat' dir='ltr'>n.</span> <span class='ocrx_word' id='word_1_319' title='bbox 884 4178 938 4241; x_wconf 77' lang='lat'>85.)</span> <span class='ocrx_word' id='word_1_320' title='bbox 957 4197 981 4245; x_wconf 86' lang='lat' dir='ltr'>p.</span> <span class='ocrx_word' id='word_1_321' title='bbox 996 4178 1136 4228; x_wconf 71' lang='lat' dir='ltr'>oro...r›22.</span> <span class='ocrx_word' id='word_1_322' title='bbox 1151 4194 1217 4227; x_wconf 88' lang='lat' dir='ltr'>u.11.</span> <span class='ocrx_word' id='word_1_323' title='bbox 1233 4194 1265 4227; x_wconf 88' lang='lat' dir='ltr'>ox</span> <span class='ocrx_word' id='word_1_324' title='bbox 1279 4179 1374 4228; x_wconf 82' lang='lat' dir='ltr'>o&#39;rclrio</span> <span class='ocrx_word' id='word_1_325' title='bbox 1388 4178 1455 4228; x_wconf 80' lang='lat' dir='ltr'>ocul.</span> <span class='ocrx_word' id='word_1_326' title='bbox 1469 4179 1645 4239; x_wconf 67' lang='lat' dir='ltr'>argentorat.</span> 
     </span>
    </p>
   </div>
   <div class='ocr_carea' id='block_1_7' title="bbox 348 4312 1648 5066">
    <p class='ocr_par' dir='ltr' id='par_1_8' title="bbox 348 4312 1648 5066">
     <span class='ocr_line' id='line_1_34' title="bbox 416 4312 1646 4380; baseline 0 -18"><span class='ocrx_word' id='word_1_327' title='bbox 416 4314 427 4344; x_wconf 85' lang='lat'>⁷</span> <span class='ocrx_word' id='word_1_328' title='bbox 446 4313 561 4362; x_wconf 86' lang='lat' dir='ltr'>Rectius</span> <span class='ocrx_word' id='word_1_329' title='bbox 580 4330 661 4378; x_wconf 83' lang='lat' dir='ltr'>quarn</span> <span class='ocrx_word' id='word_1_330' title='bbox 680 4314 830 4380; x_wconf 80' lang='lat' dir='ltr'>Sickingus</span> <span class='ocrx_word' id='word_1_331' title='bbox 847 4317 987 4366; x_wconf 86' lang='lat' dir='ltr'>Lntherus</span> <span class='ocrx_word' id='word_1_332' title='bbox 1007 4318 1035 4364; x_wconf 94' lang='lat' dir='ltr'>in</span> <span class='ocrx_word' id='word_1_333' title='bbox 1053 4331 1135 4380; x_wconf 80' lang='lat' dir='ltr'>praee.</span> <span class='ocrx_word' id='word_1_334' title='bbox 1151 4316 1231 4378; x_wconf 84' lang='lat' dir='ltr'>epist.</span> <span class='ocrx_word' id='word_1_335' title='bbox 1247 4319 1397 4378; x_wconf 75' lang='lat' dir='ltr'>auguratus</span> <span class='ocrx_word' id='word_1_336' title='bbox 1417 4318 1467 4362; x_wconf 84' lang='lat' dir='ltr'>ost.</span> <span class='ocrx_word' id='word_1_337' title='bbox 1531 4312 1542 4343; x_wconf 80' lang='lat'>⁹</span> <span class='ocrx_word' id='word_1_338' title='bbox 1561 4314 1646 4378; x_wconf 87' lang='lat' dir='ltr'>impo-</span> 
     </span>
     <span class='ocr_line' id='line_1_35' title="bbox 349 4395 1645 4465; baseline -0.001 -17"><span class='ocrx_word' id='word_1_339' title='bbox 349 4395 455 4463; x_wconf 82' lang='lat' dir='ltr'>traro]?</span> <span class='ocrx_word' id='word_1_340' title='bbox 474 4399 619 4462; x_wconf 81' lang='lat' dir='ltr'>impetrari</span> <span class='ocrx_word' id='word_1_341' title='bbox 678 4399 699 4431; x_wconf 88' lang='lat'>¹⁰</span> <span class='ocrx_word' id='word_1_342' title='bbox 718 4398 820 4465; x_wconf 72' lang='lat' dir='ltr'>regem]</span> <span class='ocrx_word' id='word_1_343' title='bbox 842 4400 970 4449; x_wconf 84' lang='lat' dir='ltr'>Corolum</span> <span class='ocrx_word' id='word_1_344' title='bbox 989 4400 1021 4447; x_wconf 81' lang='lat' dir='ltr'>l&#39;.</span> <span class='ocrx_word' id='word_1_345' title='bbox 1081 4397 1099 4429; x_wconf 87' lang='lat'>¹¹</span> <span class='ocrx_word' id='word_1_346' title='bbox 1120 4399 1174 4446; x_wconf 88' lang='lat' dir='ltr'>ino.</span> <span class='ocrx_word' id='word_1_347' title='bbox 1190 4395 1224 4462; x_wconf 85' lang='lat' dir='ltr'>e.]</span> <span class='ocrx_word' id='word_1_348' title='bbox 1245 4398 1306 4446; x_wconf 88' lang='lat' dir='ltr'>sino</span> <span class='ocrx_word' id='word_1_349' title='bbox 1326 4413 1419 4447; x_wconf 75' lang='lat' dir='ltr'>causeo</span> <span class='ocrx_word' id='word_1_350' title='bbox 1439 4398 1608 4461; x_wconf 81' lang='lat' dir='ltr'>cognitione,</span> <span class='ocrx_word' id='word_1_351' title='bbox 1627 4400 1645 4447; x_wconf 88' lang='lat' dir='ltr'>i.</span> 
     </span>
     <span class='ocr_line' id='line_1_36' title="bbox 350 4464 1645 4547; baseline -0.001 -16"><span class='ocrx_word' id='word_1_352' title='bbox 350 4500 374 4532; x_wconf 88' lang='lat' dir='ltr'>e.</span> <span class='ocrx_word' id='word_1_353' title='bbox 394 4464 546 4532; x_wconf 50' lang='lat' dir='ltr'>iu&#39;iudioio</span> <span class='ocrx_word' id='word_1_354' title='bbox 565 4499 619 4533; x_wconf 94' lang='lat' dir='ltr'>non</span> <span class='ocrx_word' id='word_1_355' title='bbox 638 4485 763 4534; x_wconf 88' lang='lat' dir='ltr'>auditum</span> <span class='ocrx_word' id='word_1_356' title='bbox 783 4484 1020 4546; x_wconf 75' lang='lat' dir='ltr'>indefensamque.</span> <span class='ocrx_word' id='word_1_357' title='bbox 1093 4480 1113 4513; x_wconf 76' lang='lat'>¹¹</span> <span class='ocrx_word' id='word_1_358' title='bbox 1132 4479 1263 4545; x_wconf 77' lang='lat' dir='ltr'>dieiturl&#39;l</span> <span class='ocrx_word' id='word_1_359' title='bbox 1282 4481 1390 4529; x_wconf 85' lang='lat' dir='ltr'>dicetur</span> <span class='ocrx_word' id='word_1_360' title='bbox 1469 4479 1491 4512; x_wconf 82' lang='lat'>²¹</span> <span class='ocrx_word' id='word_1_361' title='bbox 1511 4480 1645 4547; x_wconf 78' lang='lat' dir='ltr'>emisisse]</span> 
     </span>
     <span class='ocr_line' id='line_1_37' title="bbox 348 4564 1646 4628; baseline 0 -13"><span class='ocrx_word' id='word_1_362' title='bbox 348 4566 462 4616; x_wconf 87' lang='lat' dir='ltr'>libellus</span> <span class='ocrx_word' id='word_1_363' title='bbox 483 4567 630 4617; x_wconf 81' lang='lat' dir='ltr'>‘Adversus</span> <span class='ocrx_word' id='word_1_364' title='bbox 649 4568 835 4617; x_wconf 79' lang='lat' dir='ltr'>execrabilem</span> <span class='ocrx_word' id='word_1_365' title='bbox 853 4567 1021 4615; x_wconf 81' lang='lat' dir='ltr'>Anticlrristi</span> <span class='ocrx_word' id='word_1_366' title='bbox 1039 4564 1162 4627; x_wconf 82' lang='lat' dir='ltr'>bullom’,</span> <span class='ocrx_word' id='word_1_367' title='bbox 1182 4567 1296 4614; x_wconf 83' lang='lat' dir='ltr'>ineunte</span> <span class='ocrx_word' id='word_1_368' title='bbox 1309 4567 1391 4628; x_wconf 68' lang='lat' dir='ltr'>Nou,</span> <span class='ocrx_word' id='word_1_369' title='bbox 1412 4566 1578 4616; x_wconf 82' lang='lat' dir='ltr'>Germanico</span> <span class='ocrx_word' id='word_1_370' title='bbox 1592 4565 1646 4620; x_wconf 56' lang='lat' dir='ltr'>lbi:</span> 
     </span>
     <span class='ocr_line' id='line_1_38' title="bbox 349 4648 1645 4717; baseline -0.002 -13"><span class='ocrx_word' id='word_1_371' title='bbox 349 4654 391 4704; x_wconf 78' lang='lat' dir='ltr'>brt</span> <span class='ocrx_word' id='word_1_372' title='bbox 409 4651 447 4703; x_wconf 78' lang='lat' dir='ltr'>bit</span> <span class='ocrx_word' id='word_1_373' title='bbox 461 4651 556 4704; x_wconf 55' lang='lat' dir='ltr'>bullen</span> <span class='ocrx_word' id='word_1_374' title='bbox 575 4653 618 4706; x_wconf 71' lang='lat' dir='ltr'>bed</span> <span class='ocrx_word' id='word_1_375' title='bbox 631 4652 783 4716; x_wconf 65' lang='lat' dir='ltr'>drtbtrbrlt&#39;td</span> <span class='ocrx_word' id='word_1_376' title='bbox 803 4657 919 4701; x_wconf 79' lang='lat' dir='ltr'>exeunte</span> <span class='ocrx_word' id='word_1_377' title='bbox 940 4651 999 4701; x_wconf 83' lang='lat' dir='ltr'>eod.</span> <span class='ocrx_word' id='word_1_378' title='bbox 1019 4666 1114 4701; x_wconf 84' lang='lat' dir='ltr'>menso</span> <span class='ocrx_word' id='word_1_379' title='bbox 1133 4649 1291 4716; x_wconf 84' lang='lat' dir='ltr'>publicatus</span> <span class='ocrx_word' id='word_1_380' title='bbox 1304 4656 1355 4699; x_wconf 81' lang='lat' dir='ltr'>est.</span> <span class='ocrx_word' id='word_1_381' title='bbox 1408 4649 1430 4682; x_wconf 80' lang='lat'>²⁰</span> <span class='ocrx_word' id='word_1_382' title='bbox 1447 4652 1577 4716; x_wconf 83' lang='lat' dir='ltr'>Hogostr.</span> <span class='ocrx_word' id='word_1_383' title='bbox 1591 4648 1645 4717; x_wconf 72' lang='lat' dir='ltr'>orn]</span> 
     </span>
     <span class='ocr_line' id='line_1_39' title="bbox 349 4727 1647 4801; baseline 0 -16"><span class='ocrx_word' id='word_1_384' title='bbox 349 4736 440 4785; x_wconf 86' lang='lat' dir='ltr'>Huius</span> <span class='ocrx_word' id='word_1_385' title='bbox 464 4734 584 4799; x_wconf 80' lang='lat' dir='ltr'>dialogi,</span> <span class='ocrx_word' id='word_1_386' title='bbox 614 4738 660 4801; x_wconf 91' lang='lat' dir='ltr'>qui</span> <span class='ocrx_word' id='word_1_387' title='bbox 683 4727 908 4786; x_wconf 68' lang='lat' dir='ltr'>Hnttenicolum&#39;</span> <span class='ocrx_word' id='word_1_388' title='bbox 924 4735 1082 4784; x_wconf 80' lang='lat' dir='ltr'>simillimus</span> <span class='ocrx_word' id='word_1_389' title='bbox 1106 4735 1286 4785; x_wconf 75' lang='lat' dir='ltr'>Burolrlrardo</span> <span class='ocrx_word' id='word_1_390' title='bbox 1315 4736 1391 4784; x_wconf 87' lang='lat' dir='ltr'>visus</span> <span class='ocrx_word' id='word_1_391' title='bbox 1415 4740 1473 4798; x_wconf 83' lang='lat' dir='ltr'>est,</span> <span class='ocrx_word' id='word_1_392' title='bbox 1496 4736 1545 4785; x_wconf 88' lang='lat' dir='ltr'>sed</span> <span class='ocrx_word' id='word_1_393' title='bbox 1569 4738 1647 4786; x_wconf 83' lang='lat' dir='ltr'>ouius</span> 
     </span>
     <span class='ocr_line' id='line_1_40' title="bbox 351 4820 1648 4885; baseline 0.001 -16"><span class='ocrx_word' id='word_1_394' title='bbox 351 4826 449 4869; x_wconf 78' lang='lat' dir='ltr'>auctor</span> <span class='ocrx_word' id='word_1_395' title='bbox 468 4821 606 4883; x_wconf 83' lang='lat' dir='ltr'>noscitur,</span> <span class='ocrx_word' id='word_1_396' title='bbox 626 4822 706 4885; x_wconf 84' lang='lat' dir='ltr'>plura</span> <span class='ocrx_word' id='word_1_397' title='bbox 725 4822 819 4870; x_wconf 86' lang='lat' dir='ltr'>eodem</span> <span class='ocrx_word' id='word_1_398' title='bbox 841 4821 898 4869; x_wconf 82' lang='lat' dir='ltr'>lero</span> <span class='ocrx_word' id='word_1_399' title='bbox 918 4826 1042 4884; x_wconf 79' lang='lat' dir='ltr'>temporo</span> <span class='ocrx_word' id='word_1_400' title='bbox 1061 4821 1206 4885; x_wconf 80' lang='lat' dir='ltr'>publicato.</span> <span class='ocrx_word' id='word_1_401' title='bbox 1225 4825 1289 4868; x_wconf 89' lang='lat' dir='ltr'>sunt</span> <span class='ocrx_word' id='word_1_402' title='bbox 1302 4820 1436 4885; x_wconf 84' lang='lat' dir='ltr'>exemplu.</span> <span class='ocrx_word' id='word_1_403' title='bbox 1467 4820 1510 4871; x_wconf 83' lang='lat' dir='ltr'>cf.</span> <span class='ocrx_word' id='word_1_404' title='bbox 1525 4821 1599 4870; x_wconf 81' lang='lat' dir='ltr'>infra</span> <span class='ocrx_word' id='word_1_405' title='bbox 1613 4821 1648 4870; x_wconf 82' lang='lat' dir='ltr'>orl</span> 
     </span>
     <span class='ocr_line' id='line_1_41' title="bbox 351 4903 1646 4970; baseline 0.002 -17"><span class='ocrx_word' id='word_1_406' title='bbox 351 4921 378 4953; x_wconf 90' lang='lat' dir='ltr'>n.</span> <span class='ocrx_word' id='word_1_407' title='bbox 392 4918 498 4952; x_wconf 79' lang='lat' dir='ltr'>crxxu.</span> <span class='ocrx_word' id='word_1_408' title='bbox 552 4904 643 4969; x_wconf 80' lang='lat' dir='ltr'>Bulla]</span> <span class='ocrx_word' id='word_1_409' title='bbox 658 4907 761 4955; x_wconf 82' lang='lat' dir='ltr'>Leonis</span> <span class='ocrx_word' id='word_1_410' title='bbox 774 4907 807 4955; x_wconf 82' lang='lat' dir='ltr'>X.</span> <span class='ocrx_word' id='word_1_411' title='bbox 827 4911 925 4955; x_wconf 85' lang='lat' dir='ltr'>contra</span> <span class='ocrx_word' id='word_1_412' title='bbox 942 4905 1109 4967; x_wconf 84' lang='lat' dir='ltr'>Luthorum,</span> <span class='ocrx_word' id='word_1_413' title='bbox 1128 4905 1163 4954; x_wconf 82' lang='lat' dir='ltr'>ab</span> <span class='ocrx_word' id='word_1_414' title='bbox 1177 4905 1302 4954; x_wconf 83' lang='lat' dir='ltr'>Hutteno</span> <span class='ocrx_word' id='word_1_415' title='bbox 1315 4905 1457 4955; x_wconf 84' lang='lat' dir='ltr'>adnotato.</span> <span class='ocrx_word' id='word_1_416' title='bbox 1512 4903 1646 4970; x_wconf 78' lang='lat' dir='ltr'>excreuit]</span> 
     </span>
     <span class='ocr_line' id='line_1_42' title="bbox 352 4988 1648 5066; baseline 0.001 -27"><span class='ocrx_word' id='word_1_417' title='bbox 352 4990 465 5039; x_wconf 84' lang='lat' dir='ltr'>exacuit</span> <span class='ocrx_word' id='word_1_418' title='bbox 479 4992 503 5037; x_wconf 86' lang='lat'>1.</span> <span class='ocrx_word' id='word_1_419' title='bbox 539 4988 562 5021; x_wconf 81' lang='lat'>³⁰</span> <span class='ocrx_word' id='word_1_420' title='bbox 579 4988 747 5055; x_wconf 78' lang='lat' dir='ltr'>Tiloniuml‘?</span> <span class='ocrx_word' id='word_1_421' title='bbox 766 4991 898 5040; x_wconf 76' lang='lat' dir='ltr'>Fortasse</span> <span class='ocrx_word' id='word_1_422' title='bbox 912 4988 1102 5041; x_wconf 85' lang='lat' dir='ltr'>Thoobalduru</span> <span class='ocrx_word' id='word_1_423' title='bbox 1115 4990 1230 5041; x_wconf 83' lang='lat' dir='ltr'>Fottich</span> <span class='ocrx_word' id='word_1_424' title='bbox 1247 4991 1384 5066; x_wconf 78' lang='lat' dir='ltr'>medicum</span> <span class='ocrx_word' id='word_1_425' title='bbox 1402 4991 1474 5054; x_wconf 81' lang='lat' dir='ltr'>vult,</span> <span class='ocrx_word' id='word_1_426' title='bbox 1495 4990 1528 5039; x_wconf 87' lang='lat' dir='ltr'>de</span> <span class='ocrx_word' id='word_1_427' title='bbox 1548 5004 1601 5055; x_wconf 91' lang='lat' dir='ltr'>quo</span> <span class='ocrx_word' id='word_1_428' title='bbox 1619 4990 1648 5043; x_wconf 82' lang='lat' dir='ltr'>iu</span> 
     </span>
    </p>
   </div>
   <div class='ocr_carea' id='block_1_8' title="bbox 0 0 1981 5950">
    <p class='ocr_par' dir='ltr' id='par_1_9' title="bbox 0 0 1981 5950">
     <span class='ocr_line' id='line_1_43' title="bbox 0 0 1981 5950; baseline 0 0"><span class='ocrx_word' id='word_1_429' title='bbox 0 0 1981 5950; x_wconf 95' lang='lat' dir='ltr'> </span> 
     </span>
    </p>
   </div>
  </div>
 </body>
</html>
