<?xml version="1.0" encoding="UTF-8"?>
<!DOCTYPE html PUBLIC "-//W3C//DTD XHTML 1.0 Transitional//EN"
    "http://www.w3.org/TR/xhtml1/DTD/xhtml1-transitional.dtd">
<html xmlns="http://www.w3.org/1999/xhtml" xml:lang="en" lang="en">
 <head>
  <title>
</title>
<meta http-equiv="Content-Type" content="text/html;charset=utf-8" />
  <meta name='ocr-system' content='tesseract 3.04.00' />
  <meta name='ocr-capabilities' content='ocr_page ocr_carea ocr_par ocr_line ocrx_word'/>
</head>
<body>
  <div class='ocr_page' id='page_1' title='image "./ulrichihuttenie07huttgoog_0290.png"; bbox 0 0 3917 5950; ppageno 0'>
   <div class='ocr_carea' id='block_1_1' title="bbox 354 621 1644 693">
    <p class='ocr_par' dir='ltr' id='par_1_1' title="bbox 354 621 1644 693">
     <span class='ocr_line' id='line_1_1' title="bbox 354 621 1644 693; baseline -0.004 -7"><span class='ocrx_word' id='word_1_1' title='bbox 354 623 365 692; x_wconf 87' lang='lat' dir='ltr'><strong>l</strong></span> <span class='ocrx_word' id='word_1_2' title='bbox 377 621 424 693; x_wconf 82' lang='lat'><strong>60</strong></span> <span class='ocrx_word' id='word_1_3' title='bbox 455 636 540 686; x_wconf 79' lang='lat' dir='ltr'><strong>Lxx.</strong></span> <span class='ocrx_word' id='word_1_4' title='bbox 554 648 680 685; x_wconf 68' lang='lat' dir='ltr'><strong>arroso</strong></span> <span class='ocrx_word' id='word_1_5' title='bbox 691 648 773 684; x_wconf 75' lang='lat' dir='ltr'><strong>neon.</strong></span> <span class='ocrx_word' id='word_1_6' title='bbox 782 648 808 682; x_wconf 86' lang='lat' dir='ltr'><strong>x.</strong></span> <span class='ocrx_word' id='word_1_7' title='bbox 817 647 903 681; x_wconf 79' lang='grc'><strong>111111.</strong></span> <span class='ocrx_word' id='word_1_8' title='bbox 911 647 941 681; x_wconf 88' lang='grc'><strong>111</strong></span> <span class='ocrx_word' id='word_1_9' title='bbox 955 647 1037 682; x_wconf 78' lang='lat' dir='ltr'><strong>narn.</strong></span> <span class='ocrx_word' id='word_1_10' title='bbox 1048 647 1145 683; x_wconf 75' lang='grc'><strong>111111</strong></span> <span class='ocrx_word' id='word_1_11' title='bbox 1155 648 1191 682; x_wconf 75' lang='lat' dir='ltr'><strong>n:</strong></span> <span class='ocrx_word' id='word_1_12' title='bbox 1201 646 1409 684; x_wconf 68' lang='lat' dir='ltr'><strong>nonuncossr.</strong></span> <span class='ocrx_word' id='word_1_13' title='bbox 1418 647 1477 683; x_wconf 76' lang='lat' dir='ltr'><strong>nra.</strong></span> <span class='ocrx_word' id='word_1_14' title='bbox 1486 640 1644 682; x_wconf 66' lang='grc'><strong>11111111.</strong></span> 
     </span>
    </p>
   </div>
   <div class='ocr_carea' id='block_1_2' title="bbox 284 801 1687 4642">
    <p class='ocr_par' dir='ltr' id='par_1_2' title="bbox 284 801 1687 4642">
     <span class='ocr_line' id='line_1_2' title="bbox 350 801 1647 886; baseline -0.005 -19"><span class='ocrx_word' id='word_1_15' title='bbox 350 807 426 886; x_wconf 88' lang='lat' dir='ltr'><strong>prob</strong></span> <span class='ocrx_word' id='word_1_16' title='bbox 449 804 563 865; x_wconf 77' lang='lat' dir='ltr'><strong>Christe</strong></span> <span class='ocrx_word' id='word_1_17' title='bbox 585 804 705 881; x_wconf 76' lang='lat' dir='ltr'><strong>penitet</strong></span> <span class='ocrx_word' id='word_1_18' title='bbox 727 802 766 861; x_wconf 91' lang='lat' dir='ltr'><strong>ibi</strong></span> <span class='ocrx_word' id='word_1_19' title='bbox 789 803 934 862; x_wconf 91' lang='lat' dir='ltr'><strong>maiorum</strong></span> <span class='ocrx_word' id='word_1_20' title='bbox 955 809 1141 871; x_wconf 89' lang='lat' dir='ltr'><strong>nostrorum,</strong></span> <span class='ocrx_word' id='word_1_21' title='bbox 1175 802 1226 880; x_wconf 89' lang='lat' dir='ltr'><strong>qui</strong></span> <span class='ocrx_word' id='word_1_22' title='bbox 1247 803 1290 862; x_wconf 87' lang='lat' dir='ltr'><strong>sic</strong></span> <span class='ocrx_word' id='word_1_23' title='bbox 1317 801 1416 863; x_wconf 89' lang='lat' dir='ltr'><strong>obtusi</strong></span> <span class='ocrx_word' id='word_1_24' title='bbox 1446 803 1597 872; x_wconf 77' lang='lat' dir='ltr'><strong>suerum,-</strong></span> <span class='ocrx_word' id='word_1_25' title='bbox 1616 812 1647 863; x_wconf 89' lang='lat' dir='ltr'><strong>ut</strong></span> 
     </span>
     <span class='ocr_line' id='line_1_3' title="bbox 353 903 1648 982; baseline -0.002 -14"><span class='ocrx_word' id='word_1_26' title='bbox 353 926 404 968; x_wconf 88' lang='lat' dir='ltr'><strong>eos</strong></span> <span class='ocrx_word' id='word_1_27' title='bbox 426 905 539 966; x_wconf 77' lang='lat' dir='ltr'><strong>falleret</strong></span> <span class='ocrx_word' id='word_1_28' title='bbox 560 905 656 982; x_wconf 86' lang='lat' dir='ltr'><strong>captio</strong></span> <span class='ocrx_word' id='word_1_29' title='bbox 679 903 778 979; x_wconf 88' lang='lat' dir='ltr'><strong>pneris</strong></span> <span class='ocrx_word' id='word_1_30' title='bbox 800 903 887 962; x_wconf 89' lang='lat' dir='ltr'><strong>etiam</strong></span> <span class='ocrx_word' id='word_1_31' title='bbox 910 905 1027 981; x_wconf 84' lang='lat' dir='ltr'><strong>cognitu</strong></span> <span class='ocrx_word' id='word_1_32' title='bbox 1051 903 1157 963; x_wconf 87' lang='lat' dir='ltr'><strong>laeilis:</strong></span> <span class='ocrx_word' id='word_1_33' title='bbox 1180 904 1231 964; x_wconf 89' lang='lat' dir='ltr'><strong>sed</strong></span> <span class='ocrx_word' id='word_1_34' title='bbox 1256 923 1291 964; x_wconf 91' lang='lat' dir='ltr'><strong>eo</strong></span> <span class='ocrx_word' id='word_1_35' title='bbox 1313 905 1417 964; x_wconf 91' lang='lat' dir='ltr'><strong>maiori</strong></span> <span class='ocrx_word' id='word_1_36' title='bbox 1433 904 1516 963; x_wconf 80' lang='lat' dir='ltr'><strong>trans</strong></span> <span class='ocrx_word' id='word_1_37' title='bbox 1531 903 1648 965; x_wconf 90' lang='lat' dir='ltr'><strong>illorum</strong></span> 
     </span>
     <span class='ocr_line' id='line_1_4' title="bbox 284 1003 1648 1085; baseline -0.001 -19"><span class='ocrx_word' id='word_1_38' title='bbox 284 1011 421 1074; x_wconf 74' lang='lat' dir='ltr'><strong>§.modio</strong></span> <span class='ocrx_word' id='word_1_39' title='bbox 443 1007 529 1085; x_wconf 91' lang='lat' dir='ltr'><strong>digna</strong></span> <span class='ocrx_word' id='word_1_40' title='bbox 553 1014 609 1073; x_wconf 86' lang='lat' dir='ltr'><strong>est,</strong></span> <span class='ocrx_word' id='word_1_41' title='bbox 643 1024 702 1082; x_wconf 90' lang='lat' dir='ltr'><strong>quo</strong></span> <span class='ocrx_word' id='word_1_42' title='bbox 725 1004 855 1064; x_wconf 90' lang='lat' dir='ltr'><strong>deterius</strong></span> <span class='ocrx_word' id='word_1_43' title='bbox 876 1003 1061 1082; x_wconf 68' lang='lat' dir='ltr'><strong>simplicitate</strong></span> <span class='ocrx_word' id='word_1_44' title='bbox 1082 1005 1166 1066; x_wconf 89' lang='lat' dir='ltr'><strong>abusi</strong></span> <span class='ocrx_word' id='word_1_45' title='bbox 1194 1013 1262 1064; x_wconf 90' lang='lat' dir='ltr'><strong>sunt</strong></span> <span class='ocrx_word' id='word_1_46' title='bbox 1289 1013 1398 1065; x_wconf 86' lang='lat' dir='ltr'><strong>nostra.</strong></span> <span class='ocrx_word' id='word_1_47' title='bbox 1443 1005 1540 1066; x_wconf 86' lang='lat' dir='ltr'><strong>&#39;luam</strong></span> <span class='ocrx_word' id='word_1_48' title='bbox 1570 1024 1648 1072; x_wconf 81' lang='lat' dir='ltr'><strong>vero.</strong></span> 
     </span>
     <span class='ocr_line' id='line_1_5' title="bbox 352 1105 1650 1185; baseline -0.003 -13"><span class='ocrx_word' id='word_1_49' title='bbox 352 1110 518 1172; x_wconf 74' lang='lat' dir='ltr'><strong>beatissime</strong></span> <span class='ocrx_word' id='word_1_50' title='bbox 542 1106 616 1175; x_wconf 86' lang='lat' dir='ltr'><strong>Leo,</strong></span> <span class='ocrx_word' id='word_1_51' title='bbox 653 1107 718 1184; x_wconf 88' lang='lat' dir='ltr'><strong>quis</strong></span> <span class='ocrx_word' id='word_1_52' title='bbox 740 1106 809 1164; x_wconf 86' lang='lat' dir='ltr'><strong>satis</strong></span> <span class='ocrx_word' id='word_1_53' title='bbox 831 1106 968 1166; x_wconf 91' lang='lat' dir='ltr'><strong>admirari</strong></span> <span class='ocrx_word' id='word_1_54' title='bbox 992 1113 1088 1184; x_wconf 88' lang='lat' dir='ltr'><strong>potest</strong></span> <span class='ocrx_word' id='word_1_55' title='bbox 1110 1105 1291 1174; x_wconf 79' lang='lat' dir='ltr'><strong>felicitatem,</strong></span> <span class='ocrx_word' id='word_1_56' title='bbox 1327 1109 1357 1166; x_wconf 90' lang='lat' dir='ltr'><strong>iu</strong></span> <span class='ocrx_word' id='word_1_57' title='bbox 1380 1126 1440 1185; x_wconf 91' lang='lat' dir='ltr'><strong>quo</strong></span> <span class='ocrx_word' id='word_1_58' title='bbox 1461 1108 1549 1167; x_wconf 86' lang='lat' dir='ltr'><strong>istam</strong></span> <span class='ocrx_word' id='word_1_59' title='bbox 1577 1108 1650 1168; x_wconf 77' lang='lat' dir='ltr'><strong>verti</strong></span> 
     </span>
     <span class='ocr_line' id='line_1_6' title="bbox 353 1206 1671 1297; baseline -0.004 -25"><span class='ocrx_word' id='word_1_60' title='bbox 353 1211 473 1288; x_wconf 86' lang='lat' dir='ltr'><strong>contigit</strong></span> <span class='ocrx_word' id='word_1_61' title='bbox 494 1210 524 1268; x_wconf 90' lang='lat' dir='ltr'><strong>in</strong></span> <span class='ocrx_word' id='word_1_62' title='bbox 546 1207 651 1267; x_wconf 89' lang='lat' dir='ltr'><strong>mellus</strong></span> <span class='ocrx_word' id='word_1_63' title='bbox 673 1208 843 1284; x_wconf 84' lang='lat' dir='ltr'><strong>pontificum</strong></span> <span class='ocrx_word' id='word_1_64' title='bbox 866 1208 1089 1297; x_wconf 63' lang='lat' dir='ltr'><strong>nmtntionemb</strong></span> <span class='ocrx_word' id='word_1_65' title='bbox 1107 1206 1227 1267; x_wconf 90' lang='lat' dir='ltr'><strong>babebit</strong></span> <span class='ocrx_word' id='word_1_66' title='bbox 1255 1210 1333 1268; x_wconf 89' lang='lat' dir='ltr'><strong>enim</strong></span> <span class='ocrx_word' id='word_1_67' title='bbox 1362 1208 1501 1269; x_wconf 87' lang='lat' dir='ltr'><strong>meliores</strong></span> <span class='ocrx_word' id='word_1_68' title='bbox 1531 1209 1569 1269; x_wconf 93' lang='lat' dir='ltr'><strong>ab</strong></span> <span class='ocrx_word' id='word_1_69' title='bbox 1593 1209 1671 1267; x_wconf 69' lang='lat' dir='ltr'><strong>boet</strong></span> 
     </span>
     <span class='ocr_line' id='line_1_7' title="bbox 352 1308 1651 1391; baseline -0.004 -18"><span class='ocrx_word' id='word_1_70' title='bbox 352 1322 486 1391; x_wconf 92' lang='lat' dir='ltr'><strong>tempore</strong></span> <span class='ocrx_word' id='word_1_71' title='bbox 509 1310 661 1387; x_wconf 86' lang='lat' dir='ltr'><strong>pontilices</strong></span> <span class='ocrx_word' id='word_1_72' title='bbox 684 1308 821 1378; x_wconf 86' lang='lat' dir='ltr'><strong>ecelesia,</strong></span> <span class='ocrx_word' id='word_1_73' title='bbox 852 1309 906 1367; x_wconf 89' lang='lat' dir='ltr'><strong>nisi</strong></span> <span class='ocrx_word' id='word_1_74' title='bbox 930 1327 988 1368; x_wconf 93' lang='lat' dir='ltr'><strong>non</strong></span> <span class='ocrx_word' id='word_1_75' title='bbox 1012 1327 1046 1367; x_wconf 84' lang='grc'><strong>11</strong></span> <span class='ocrx_word' id='word_1_76' title='bbox 1069 1309 1167 1368; x_wconf 90' lang='lat' dir='ltr'><strong>animo</strong></span> <span class='ocrx_word' id='word_1_77' title='bbox 1188 1310 1239 1369; x_wconf 83' lang='lat' dir='ltr'><strong>bat</strong></span> <span class='ocrx_word' id='word_1_78' title='bbox 1260 1311 1312 1369; x_wconf 89' lang='lat' dir='ltr'><strong>ista</strong></span> <span class='ocrx_word' id='word_1_79' title='bbox 1336 1311 1508 1387; x_wconf 88' lang='lat' dir='ltr'><strong>promissio;</strong></span> <span class='ocrx_word' id='word_1_80' title='bbox 1537 1308 1592 1369; x_wconf 87' lang='lat' dir='ltr'><strong>sed</strong></span> <span class='ocrx_word' id='word_1_81' title='bbox 1614 1328 1651 1369; x_wconf 84' lang='grc'><strong>11</strong></span> 
     </span>
     <span class='ocr_line' id='line_1_8' title="bbox 353 1409 1651 1490; baseline -0.002 -15"><span class='ocrx_word' id='word_1_82' title='bbox 353 1417 450 1476; x_wconf 90' lang='lat' dir='ltr'><strong>aninm</strong></span> <span class='ocrx_word' id='word_1_83' title='bbox 473 1416 520 1480; x_wconf 86' lang='grc'><strong>111;</strong></span> <span class='ocrx_word' id='word_1_84' title='bbox 543 1419 631 1490; x_wconf 90' lang='lat' dir='ltr'><strong>atque</strong></span> <span class='ocrx_word' id='word_1_85' title='bbox 654 1412 742 1488; x_wconf 84' lang='lat' dir='ltr'><strong>igitur</strong></span> <span class='ocrx_word' id='word_1_86' title='bbox 764 1409 896 1488; x_wconf 72' lang='lat' dir='ltr'><strong>quaedam</strong></span> <span class='ocrx_word' id='word_1_87' title='bbox 920 1417 963 1469; x_wconf 88' lang='lat' dir='ltr'><strong>est</strong></span> <span class='ocrx_word' id='word_1_88' title='bbox 985 1411 1049 1470; x_wconf 82' lang='lat' dir='ltr'><strong>lnec</strong></span> <span class='ocrx_word' id='word_1_89' title='bbox 1070 1411 1174 1469; x_wconf 89' lang='lat' dir='ltr'><strong>iniuria</strong></span> <span class='ocrx_word' id='word_1_90' title='bbox 1197 1418 1246 1471; x_wconf 91' lang='lat' dir='ltr'><strong>tua</strong></span> <span class='ocrx_word' id='word_1_91' title='bbox 1268 1409 1306 1470; x_wconf 95' lang='lat' dir='ltr'><strong>ab</strong></span> <span class='ocrx_word' id='word_1_92' title='bbox 1329 1411 1364 1470; x_wconf 85' lang='lat' dir='ltr'><strong>iis</strong></span> <span class='ocrx_word' id='word_1_93' title='bbox 1378 1412 1428 1488; x_wconf 91' lang='lat' dir='ltr'><strong>qui</strong></span> <span class='ocrx_word' id='word_1_94' title='bbox 1443 1409 1489 1470; x_wconf 87' lang='lat' dir='ltr'><strong>vel</strong></span> <span class='ocrx_word' id='word_1_95' title='bbox 1504 1409 1651 1473; x_wconf 86' lang='lat' dir='ltr'><strong>dubitant.</strong></span> 
     </span>
     <span class='ocr_line' id='line_1_9' title="bbox 354 1510 1652 1592; baseline -0.005 -15"><span class='ocrx_word' id='word_1_96' title='bbox 354 1525 455 1578; x_wconf 88' lang='lat' dir='ltr'><strong>contra</strong></span> <span class='ocrx_word' id='word_1_97' title='bbox 478 1512 729 1592; x_wconf 90' lang='lat' dir='ltr'><strong>impudentissime</strong></span> <span class='ocrx_word' id='word_1_98' title='bbox 752 1512 876 1571; x_wconf 84' lang='lat' dir='ltr'><strong>effictam</strong></span> <span class='ocrx_word' id='word_1_99' title='bbox 893 1512 1073 1571; x_wconf 79' lang='lat' dir='ltr'><strong>Constantini</strong></span> <span class='ocrx_word' id='word_1_100' title='bbox 1095 1511 1283 1573; x_wconf 78' lang='lat' dir='ltr'><strong>donationem</strong></span> <span class='ocrx_word' id='word_1_101' title='bbox 1304 1512 1467 1573; x_wconf 77' lang='lat' dir='ltr'><strong>scribentes</strong></span> <span class='ocrx_word' id='word_1_102' title='bbox 1483 1531 1520 1572; x_wconf 91' lang='lat' dir='ltr'><strong>an</strong></span> <span class='ocrx_word' id='word_1_103' title='bbox 1536 1510 1652 1572; x_wconf 89' lang='lat' dir='ltr'><strong>laturus</strong></span> 
     </span>
     <span class='ocr_line' id='line_1_10' title="bbox 354 1611 1652 1691; baseline -0.005 -12"><span class='ocrx_word' id='word_1_104' title='bbox 354 1621 409 1678; x_wconf 85' lang='lat' dir='ltr'><strong>sis:</strong></span> <span class='ocrx_word' id='word_1_105' title='bbox 432 1619 461 1676; x_wconf 94' lang='lat' dir='ltr'><strong>in</strong></span> <span class='ocrx_word' id='word_1_106' title='bbox 485 1615 549 1674; x_wconf 91' lang='lat' dir='ltr'><strong>illos</strong></span> <span class='ocrx_word' id='word_1_107' title='bbox 571 1632 638 1672; x_wconf 85' lang='lat' dir='ltr'><strong>rere</strong></span> <span class='ocrx_word' id='word_1_108' title='bbox 661 1613 822 1673; x_wconf 88' lang='lat' dir='ltr'><strong>detestandi</strong></span> <span class='ocrx_word' id='word_1_109' title='bbox 845 1611 965 1674; x_wconf 86' lang='lat' dir='ltr'><strong>sceleris</strong></span> <span class='ocrx_word' id='word_1_110' title='bbox 988 1621 1203 1674; x_wconf 78' lang='lat' dir='ltr'><strong>commentores</strong></span> <span class='ocrx_word' id='word_1_111' title='bbox 1225 1615 1377 1691; x_wconf 79' lang='lat' dir='ltr'><strong>pontifices</strong></span> <span class='ocrx_word' id='word_1_112' title='bbox 1398 1614 1497 1674; x_wconf 90' lang='lat' dir='ltr'><strong>omnia</strong></span> <span class='ocrx_word' id='word_1_113' title='bbox 1515 1611 1652 1674; x_wconf 85' lang='lat' dir='ltr'><strong>&#39;acerbis-</strong></span> 
     </span>
     <span class='ocr_line' id='line_1_11' title="bbox 285 1708 1685 1799; baseline -0.009 -18"><span class='ocrx_word' id='word_1_114' title='bbox 285 1736 303 1786; x_wconf 80' lang='grc'><strong>1.</strong></span> <span class='ocrx_word' id='word_1_115' title='bbox 310 1737 343 1779; x_wconf 76' lang='lat' dir='ltr'><strong>at.</strong></span> <span class='ocrx_word' id='word_1_116' title='bbox 354 1721 426 1780; x_wconf 83' lang='lat' dir='ltr'><strong>sinia</strong></span> <span class='ocrx_word' id='word_1_117' title='bbox 449 1718 525 1777; x_wconf 85' lang='lat' dir='ltr'><strong>dicta</strong></span> <span class='ocrx_word' id='word_1_118' title='bbox 549 1716 705 1792; x_wconf 78' lang='lat' dir='ltr'><strong>omniaque</strong></span> <span class='ocrx_word' id='word_1_119' title='bbox 721 1715 898 1774; x_wconf 78' lang='lat' dir='ltr'><strong>ferocissima</strong></span> <span class='ocrx_word' id='word_1_120' title='bbox 916 1716 990 1773; x_wconf 86' lang='lat' dir='ltr'><strong>laeta</strong></span> <span class='ocrx_word' id='word_1_121' title='bbox 1007 1708 1190 1799; x_wconf 86' lang='lat' dir='ltr'><strong>eormeniunt.</strong></span> <span class='ocrx_word' id='word_1_122' title='bbox 1229 1716 1345 1793; x_wconf 90' lang='lat' dir='ltr'><strong>quidni,</strong></span> <span class='ocrx_word' id='word_1_123' title='bbox 1366 1716 1396 1774; x_wconf 90' lang='lat' dir='ltr'><strong>in</strong></span> <span class='ocrx_word' id='word_1_124' title='bbox 1412 1714 1649 1793; x_wconf 85' lang='lat' dir='ltr'><strong>depeculatores,</strong></span> <span class='ocrx_word' id='word_1_125' title='bbox 1662 1730 1685 1769; x_wconf 89' lang='lat' dir='ltr'><strong>n</strong></span> 
     </span>
     <span class='ocr_line' id='line_1_12' title="bbox 353 1815 1651 1897; baseline -0.005 -16"><span class='ocrx_word' id='word_1_126' title='bbox 353 1823 383 1881; x_wconf 92' lang='lat' dir='ltr'><strong>in</strong></span> <span class='ocrx_word' id='word_1_127' title='bbox 406 1823 501 1887; x_wconf 84' lang='lat' dir='ltr'><strong>sures,</strong></span> <span class='ocrx_word' id='word_1_128' title='bbox 524 1819 553 1877; x_wconf 94' lang='lat' dir='ltr'><strong>in</strong></span> <span class='ocrx_word' id='word_1_129' title='bbox 576 1825 730 1897; x_wconf 76' lang='lat' dir='ltr'><strong>tyrannos.</strong></span> <span class='ocrx_word' id='word_1_130' title='bbox 753 1817 783 1875; x_wconf 90' lang='lat' dir='ltr'><strong>in</strong></span> <span class='ocrx_word' id='word_1_131' title='bbox 806 1815 952 1876; x_wconf 69' lang='lat' dir='ltr'><strong>latrones?</strong></span> <span class='ocrx_word' id='word_1_132' title='bbox 974 1817 1041 1895; x_wconf 88' lang='lat' dir='ltr'><strong>quis</strong></span> <span class='ocrx_word' id='word_1_133' title='bbox 1061 1815 1215 1878; x_wconf 76' lang='lat' dir='ltr'><strong>violentior</strong></span> <span class='ocrx_word' id='word_1_134' title='bbox 1237 1818 1314 1877; x_wconf 91' lang='lat' dir='ltr'><strong>enim</strong></span> <span class='ocrx_word' id='word_1_135' title='bbox 1336 1816 1411 1876; x_wconf 89' lang='lat' dir='ltr'><strong>latro</strong></span> <span class='ocrx_word' id='word_1_136' title='bbox 1434 1824 1479 1877; x_wconf 91' lang='lat' dir='ltr'><strong>est</strong></span> <span class='ocrx_word' id='word_1_137' title='bbox 1493 1835 1584 1894; x_wconf 89' lang='lat' dir='ltr'><strong>qnam</strong></span> <span class='ocrx_word' id='word_1_138' title='bbox 1600 1817 1651 1893; x_wconf 89' lang='lat' dir='ltr'><strong>qui</strong></span> 
     </span>
     <span class='ocr_line' id='line_1_13' title="bbox 353 1918 1652 1997; baseline -0.005 -15"><span class='ocrx_word' id='word_1_139' title='bbox 353 1924 391 1982; x_wconf 86' lang='lat' dir='ltr'><strong>ita</strong></span> <span class='ocrx_word' id='word_1_140' title='bbox 414 1921 503 1997; x_wconf 86' lang='lat' dir='ltr'><strong>rapit,</strong></span> <span class='ocrx_word' id='word_1_141' title='bbox 538 1927 570 1978; x_wconf 88' lang='lat' dir='ltr'><strong>nt</strong></span> <span class='ocrx_word' id='word_1_142' title='bbox 592 1918 722 1997; x_wconf 90' lang='lat' dir='ltr'><strong>rapiemli</strong></span> <span class='ocrx_word' id='word_1_143' title='bbox 745 1918 865 1978; x_wconf 92' lang='lat' dir='ltr'><strong>modum</strong></span> <span class='ocrx_word' id='word_1_144' title='bbox 888 1918 1001 1978; x_wconf 92' lang='lat' dir='ltr'><strong>nullum</strong></span> <span class='ocrx_word' id='word_1_145' title='bbox 1031 1920 1155 1978; x_wconf 73' lang='lat' dir='ltr'><strong>statuat?</strong></span> <span class='ocrx_word' id='word_1_146' title='bbox 1190 1919 1219 1978; x_wconf 91' lang='lat' dir='ltr'><strong>bi</strong></span> <span class='ocrx_word' id='word_1_147' title='bbox 1246 1920 1365 1979; x_wconf 89' lang='lat' dir='ltr'><strong>luerunt</strong></span> <span class='ocrx_word' id='word_1_148' title='bbox 1391 1919 1443 1996; x_wconf 92' lang='lat' dir='ltr'><strong>qui</strong></span> <span class='ocrx_word' id='word_1_149' title='bbox 1469 1919 1500 1978; x_wconf 94' lang='lat' dir='ltr'><strong>in</strong></span> <span class='ocrx_word' id='word_1_150' title='bbox 1527 1919 1652 1978; x_wconf 81' lang='lat' dir='ltr'><strong>murium</strong></span> 
     </span>
     <span class='ocr_line' id='line_1_14' title="bbox 354 2019 1652 2101; baseline -0.004 -18"><span class='ocrx_word' id='word_1_151' title='bbox 354 2031 471 2101; x_wconf 84' lang='lat' dir='ltr'><strong>arrepta</strong></span> <span class='ocrx_word' id='word_1_152' title='bbox 494 2021 649 2081; x_wconf 86' lang='lat' dir='ltr'><strong>occasione</strong></span> <span class='ocrx_word' id='word_1_153' title='bbox 672 2019 707 2079; x_wconf 89' lang='lat' dir='ltr'><strong>ad</strong></span> <span class='ocrx_word' id='word_1_154' title='bbox 731 2021 905 2080; x_wconf 87' lang='lat' dir='ltr'><strong>immensum</strong></span> <span class='ocrx_word' id='word_1_155' title='bbox 929 2022 1078 2098; x_wconf 75' lang='lat' dir='ltr'><strong>progressi</strong></span> <span class='ocrx_word' id='word_1_156' title='bbox 1100 2029 1168 2081; x_wconf 88' lang='lat' dir='ltr'><strong>snnt</strong></span> <span class='ocrx_word' id='word_1_157' title='bbox 1190 2021 1344 2100; x_wconf 85' lang='lat' dir='ltr'><strong>diripiendi</strong></span> <span class='ocrx_word' id='word_1_158' title='bbox 1360 2019 1491 2089; x_wconf 82' lang='lat' dir='ltr'><strong>brontia,</strong></span> <span class='ocrx_word' id='word_1_159' title='bbox 1515 2021 1568 2098; x_wconf 91' lang='lat' dir='ltr'><strong>qui</strong></span> <span class='ocrx_word' id='word_1_160' title='bbox 1583 2037 1652 2097; x_wconf 87' lang='lat' dir='ltr'><strong>gra·</strong></span> 
     </span>
     <span class='ocr_line' id='line_1_15' title="bbox 353 2115 1652 2201; baseline -0.004 -17"><span class='ocrx_word' id='word_1_161' title='bbox 353 2126 408 2185; x_wconf 89' lang='lat' dir='ltr'><strong>tias</strong></span> <span class='ocrx_word' id='word_1_162' title='bbox 431 2141 536 2183; x_wconf 85' lang='lat' dir='ltr'><strong>renum</strong></span> <span class='ocrx_word' id='word_1_163' title='bbox 560 2115 859 2200; x_wconf 62' lang='lat' dir='ltr'><strong>expensionem</strong></span> <span class='ocrx_word' id='word_1_164' title='bbox 882 2123 1124 2191; x_wconf 84' lang='lat' dir='ltr'><strong>condonationes,</strong></span> <span class='ocrx_word' id='word_1_165' title='bbox 1159 2123 1209 2201; x_wconf 92' lang='lat' dir='ltr'><strong>qui</strong></span> <span class='ocrx_word' id='word_1_166' title='bbox 1231 2122 1461 2200; x_wconf 83' lang='lat' dir='ltr'><strong>dispensationes</strong></span> <span class='ocrx_word' id='word_1_167' title='bbox 1490 2129 1519 2181; x_wconf 91' lang='lat' dir='ltr'><strong>et</strong></span> <span class='ocrx_word' id='word_1_168' title='bbox 1546 2122 1652 2181; x_wconf 90' lang='lat' dir='ltr'><strong>intiniti</strong></span> 
     </span>
     <span class='ocr_line' id='line_1_16' title="bbox 354 2223 1686 2305; baseline -0.005 -19"><span class='ocrx_word' id='word_1_169' title='bbox 354 2227 470 2305; x_wconf 86' lang='lat' dir='ltr'><strong>generis</strong></span> <span class='ocrx_word' id='word_1_170' title='bbox 492 2223 587 2284; x_wconf 90' lang='lat' dir='ltr'><strong>bullas</strong></span> <span class='ocrx_word' id='word_1_171' title='bbox 609 2225 659 2302; x_wconf 92' lang='lat' dir='ltr'><strong>qui</strong></span> <span class='ocrx_word' id='word_1_172' title='bbox 681 2223 875 2283; x_wconf 81' lang='lat' dir='ltr'><strong>vendiderunt</strong></span> <span class='ocrx_word' id='word_1_173' title='bbox 896 2231 978 2283; x_wconf 89' lang='lat' dir='ltr'><strong>tanto</strong></span> <span class='ocrx_word' id='word_1_174' title='bbox 1001 2226 1057 2284; x_wconf 90' lang='lat' dir='ltr'><strong>iam</strong></span> <span class='ocrx_word' id='word_1_175' title='bbox 1080 2232 1231 2302; x_wconf 86' lang='lat' dir='ltr'><strong>tempore;</strong></span> <span class='ocrx_word' id='word_1_176' title='bbox 1263 2225 1312 2302; x_wconf 90' lang='lat' dir='ltr'><strong>qui</strong></span> <span class='ocrx_word' id='word_1_177' title='bbox 1335 2225 1364 2283; x_wconf 94' lang='lat' dir='ltr'><strong>in</strong></span> <span class='ocrx_word' id='word_1_178' title='bbox 1386 2231 1579 2304; x_wconf 78' lang='lat' dir='ltr'><strong>peccatorum</strong></span> <span class='ocrx_word' id='word_1_179' title='bbox 1601 2239 1686 2282; x_wconf 78' lang='grc'><strong>11-11</strong></span> 
     </span>
     <span class='ocr_line' id='line_1_17' title="bbox 355 2323 1652 2402; baseline -0.002 -15"><span class='ocrx_word' id='word_1_180' title='bbox 355 2329 492 2387; x_wconf 85' lang='lat' dir='ltr'><strong>missione</strong></span> <span class='ocrx_word' id='word_1_181' title='bbox 515 2327 646 2402; x_wconf 83' lang='lat' dir='ltr'><strong>precium</strong></span> <span class='ocrx_word' id='word_1_182' title='bbox 669 2333 849 2392; x_wconf 84' lang='lat' dir='ltr'><strong>statuerunt.</strong></span> <span class='ocrx_word' id='word_1_183' title='bbox 873 2332 902 2385; x_wconf 92' lang='lat' dir='ltr'><strong>et</strong></span> <span class='ocrx_word' id='word_1_184' title='bbox 923 2328 953 2385; x_wconf 92' lang='lat' dir='ltr'><strong>in</strong></span> <span class='ocrx_word' id='word_1_185' title='bbox 974 2328 1066 2402; x_wconf 75' lang='grc'><strong>[1111111</strong></span> <span class='ocrx_word' id='word_1_186' title='bbox 1081 2327 1243 2387; x_wconf 80' lang='lat' dir='ltr'><strong>interorum</strong></span> <span class='ocrx_word' id='word_1_187' title='bbox 1257 2328 1431 2386; x_wconf 86' lang='lat' dir='ltr'><strong>invenerunt</strong></span> <span class='ocrx_word' id='word_1_188' title='bbox 1445 2325 1502 2385; x_wconf 90' lang='lat' dir='ltr'><strong>sibi</strong></span> <span class='ocrx_word' id='word_1_189' title='bbox 1516 2323 1652 2392; x_wconf 90' lang='lat' dir='ltr'><strong>lucrum;</strong></span> 
     </span>
     <span class='ocr_line' id='line_1_18' title="bbox 355 2426 1653 2507; baseline -0.002 -19"><span class='ocrx_word' id='word_1_190' title='bbox 355 2430 404 2507; x_wconf 93' lang='lat' dir='ltr'><strong>qui</strong></span> <span class='ocrx_word' id='word_1_191' title='bbox 433 2426 595 2487; x_wconf 84' lang='lat' dir='ltr'><strong>sacerdotia</strong></span> <span class='ocrx_word' id='word_1_192' title='bbox 625 2427 686 2494; x_wconf 90' lang='lat' dir='ltr'><strong>bic,</strong></span> <span class='ocrx_word' id='word_1_193' title='bbox 718 2426 932 2506; x_wconf 74' lang='lat' dir='ltr'><strong>eleemosynam</strong></span> <span class='ocrx_word' id='word_1_194' title='bbox 962 2435 1118 2505; x_wconf 91' lang='lat' dir='ltr'><strong>parentum</strong></span> <span class='ocrx_word' id='word_1_195' title='bbox 1142 2435 1325 2495; x_wconf 87' lang='lat' dir='ltr'><strong>nostrorum,</strong></span> <span class='ocrx_word' id='word_1_196' title='bbox 1362 2428 1439 2504; x_wconf 87' lang='lat' dir='ltr'><strong>passi</strong></span> <span class='ocrx_word' id='word_1_197' title='bbox 1467 2434 1537 2487; x_wconf 89' lang='lat' dir='ltr'><strong>sunt</strong></span> <span class='ocrx_word' id='word_1_198' title='bbox 1558 2426 1597 2485; x_wconf 91' lang='lat' dir='ltr'><strong>ab</strong></span> <span class='ocrx_word' id='word_1_199' title='bbox 1618 2445 1653 2485; x_wconf 88' lang='lat' dir='ltr'><strong>se</strong></span> 
     </span>
     <span class='ocr_line' id='line_1_19' title="bbox 355 2514 1652 2612; baseline -0.002 -22"><span class='ocrx_word' id='word_1_200' title='bbox 355 2531 496 2597; x_wconf 89' lang='lat' dir='ltr'><strong>mercari;</strong></span> <span class='ocrx_word' id='word_1_201' title='bbox 530 2529 587 2612; x_wconf 40' lang='lat' dir='ltr'><strong>qui,</strong></span> <span class='ocrx_word' id='word_1_202' title='bbox 603 2528 757 2588; x_wconf 80' lang='lat' dir='ltr'><strong>Germanis</strong></span> <span class='ocrx_word' id='word_1_203' title='bbox 785 2536 996 2605; x_wconf 89' lang='lat' dir='ltr'><strong>persuaserunt</strong></span> <span class='ocrx_word' id='word_1_204' title='bbox 1023 2530 1176 2605; x_wconf 89' lang='lat' dir='ltr'><strong>episcopos</strong></span> <span class='ocrx_word' id='word_1_205' title='bbox 1203 2547 1263 2588; x_wconf 93' lang='lat' dir='ltr'><strong>non</strong></span> <span class='ocrx_word' id='word_1_206' title='bbox 1290 2547 1355 2589; x_wconf 89' lang='lat' dir='ltr'><strong>esse</strong></span> <span class='ocrx_word' id='word_1_207' title='bbox 1376 2530 1426 2608; x_wconf 89' lang='lat' dir='ltr'><strong>qui</strong></span> <span class='ocrx_word' id='word_1_208' title='bbox 1448 2514 1485 2588; x_wconf 91' lang='lat' dir='ltr'><strong>ab</strong></span> <span class='ocrx_word' id='word_1_209' title='bbox 1507 2547 1542 2587; x_wconf 87' lang='lat' dir='ltr'><strong>se</strong></span> <span class='ocrx_word' id='word_1_210' title='bbox 1564 2527 1652 2606; x_wconf 74' lang='lat' dir='ltr'><strong>patna</strong></span> 
     </span>
     <span class='ocr_line' id='line_1_20' title="bbox 357 2629 1652 2708; baseline -0.001 -18"><span class='ocrx_word' id='word_1_211' title='bbox 357 2649 414 2691; x_wconf 90' lang='lat' dir='ltr'><strong>non</strong></span> <span class='ocrx_word' id='word_1_212' title='bbox 438 2630 562 2689; x_wconf 88' lang='lat' dir='ltr'><strong>emerint</strong></span> <span class='ocrx_word' id='word_1_213' title='bbox 586 2630 684 2689; x_wconf 84' lang='lat' dir='ltr'><strong>multis</strong></span> <span class='ocrx_word' id='word_1_214' title='bbox 706 2647 863 2689; x_wconf 84' lang='lat' dir='ltr'><strong>aureonno</strong></span> <span class='ocrx_word' id='word_1_215' title='bbox 886 2629 1019 2697; x_wconf 88' lang='lat' dir='ltr'><strong>milibns;</strong></span> <span class='ocrx_word' id='word_1_216' title='bbox 1043 2631 1092 2708; x_wconf 93' lang='lat' dir='ltr'><strong>qui</strong></span> <span class='ocrx_word' id='word_1_217' title='bbox 1115 2632 1243 2690; x_wconf 86' lang='lat' dir='ltr'><strong>contenti</strong></span> <span class='ocrx_word' id='word_1_218' title='bbox 1266 2648 1325 2689; x_wconf 77' lang='lat' dir='ltr'><strong>nrm</strong></span> <span class='ocrx_word' id='word_1_219' title='bbox 1347 2637 1416 2691; x_wconf 88' lang='lat' dir='ltr'><strong>sunt</strong></span> <span class='ocrx_word' id='word_1_220' title='bbox 1432 2631 1552 2707; x_wconf 80' lang='lat' dir='ltr'><strong>exigere</strong></span> <span class='ocrx_word' id='word_1_221' title='bbox 1567 2636 1652 2689; x_wconf 81' lang='lat' dir='ltr'><strong>extra</strong></span> 
     </span>
     <span class='ocr_line' id='line_1_21' title="bbox 356 2731 1687 2809; baseline -0.002 -16"><span class='ocrx_word' id='word_1_222' title='bbox 356 2732 490 2793; x_wconf 86' lang='lat' dir='ltr'><strong>ordinem</strong></span> <span class='ocrx_word' id='word_1_223' title='bbox 513 2732 668 2808; x_wconf 80' lang='lat' dir='ltr'><strong>quotannis</strong></span> <span class='ocrx_word' id='word_1_224' title='bbox 696 2731 801 2800; x_wconf 85' lang='lat' dir='ltr'><strong>semel,</strong></span> <span class='ocrx_word' id='word_1_225' title='bbox 828 2733 879 2791; x_wconf 84' lang='lat' dir='ltr'><strong>sed</strong></span> <span class='ocrx_word' id='word_1_226' title='bbox 908 2731 1061 2791; x_wconf 86' lang='lat' dir='ltr'><strong>mittebant</strong></span> <span class='ocrx_word' id='word_1_227' title='bbox 1088 2734 1204 2809; x_wconf 83' lang='lat' dir='ltr'><strong>qrmties</strong></span> <span class='ocrx_word' id='word_1_228' title='bbox 1231 2732 1260 2790; x_wconf 89' lang='lat' dir='ltr'><strong>in</strong></span> <span class='ocrx_word' id='word_1_229' title='bbox 1287 2739 1416 2792; x_wconf 88' lang='lat' dir='ltr'><strong>mentem</strong></span> <span class='ocrx_word' id='word_1_230' title='bbox 1445 2732 1574 2792; x_wconf 82' lang='lat' dir='ltr'><strong>venisset</strong></span> <span class='ocrx_word' id='word_1_231' title='bbox 1599 2731 1687 2808; x_wconf 70' lang='lat' dir='ltr'><strong>quiin</strong></span> 
     </span>
     <span class='ocr_line' id='line_1_22' title="bbox 356 2832 1652 2912; baseline -0.002 -18"><span class='ocrx_word' id='word_1_232' title='bbox 356 2833 528 2911; x_wconf 90' lang='lat' dir='ltr'><strong>colligerent</strong></span> <span class='ocrx_word' id='word_1_233' title='bbox 556 2832 619 2891; x_wconf 90' lang='lat' dir='ltr'><strong>aliis</strong></span> <span class='ocrx_word' id='word_1_234' title='bbox 646 2832 693 2892; x_wconf 93' lang='lat' dir='ltr'><strong>alii</strong></span> <span class='ocrx_word' id='word_1_235' title='bbox 722 2834 758 2892; x_wconf 90' lang='lat' dir='ltr'><strong>de</strong></span> <span class='ocrx_word' id='word_1_236' title='bbox 786 2835 895 2904; x_wconf 81' lang='lat' dir='ltr'><strong>camis,</strong></span> <span class='ocrx_word' id='word_1_237' title='bbox 929 2832 1060 2893; x_wconf 88' lang='lat' dir='ltr'><strong>nonmdli</strong></span> <span class='ocrx_word' id='word_1_238' title='bbox 1090 2835 1172 2912; x_wconf 91' lang='lat' dir='ltr'><strong>quasi</strong></span> <span class='ocrx_word' id='word_1_239' title='bbox 1199 2832 1309 2893; x_wconf 90' lang='lat' dir='ltr'><strong>bellum</strong></span> <span class='ocrx_word' id='word_1_240' title='bbox 1343 2833 1513 2911; x_wconf 90' lang='lat' dir='ltr'><strong>apparaturi</strong></span> <span class='ocrx_word' id='word_1_241' title='bbox 1547 2839 1652 2891; x_wconf 88' lang='lat' dir='ltr'><strong>contra</strong></span> 
     </span>
     <span class='ocr_line' id='line_1_23' title="bbox 355 2933 1651 3014; baseline -0.004 -17"><span class='ocrx_word' id='word_1_242' title='bbox 355 2936 484 3005; x_wconf 77' lang='lat' dir='ltr'><strong>Turres,</strong></span> <span class='ocrx_word' id='word_1_243' title='bbox 515 2934 562 2995; x_wconf 92' lang='lat' dir='ltr'><strong>alii</strong></span> <span class='ocrx_word' id='word_1_244' title='bbox 586 2943 617 2995; x_wconf 95' lang='lat' dir='ltr'><strong>ut</strong></span> <span class='ocrx_word' id='word_1_245' title='bbox 638 2934 795 3013; x_wconf 85' lang='lat' dir='ltr'><strong>templum,</strong></span> <span class='ocrx_word' id='word_1_246' title='bbox 808 2986 811 2992; x_wconf 93' lang='lat'>.</span> <span class='ocrx_word' id='word_1_247' title='bbox 825 2936 903 3014; x_wconf 92' lang='lat' dir='ltr'><strong>quod</strong></span> <span class='ocrx_word' id='word_1_248' title='bbox 927 2936 1029 3014; x_wconf 83' lang='lat' dir='ltr'><strong>persici</strong></span> <span class='ocrx_word' id='word_1_249' title='bbox 1051 2954 1109 2995; x_wconf 91' lang='lat' dir='ltr'><strong>non</strong></span> <span class='ocrx_word' id='word_1_250' title='bbox 1132 2942 1249 3004; x_wconf 91' lang='lat' dir='ltr'><strong>curant,</strong></span> <span class='ocrx_word' id='word_1_251' title='bbox 1277 2934 1378 2996; x_wconf 78' lang='lat' dir='ltr'><strong>Rornae</strong></span> <span class='ocrx_word' id='word_1_252' title='bbox 1400 2935 1465 2995; x_wconf 90' lang='lat' dir='ltr'><strong>diro</strong></span> <span class='ocrx_word' id='word_1_253' title='bbox 1489 2933 1651 2994; x_wconf 71' lang='grc'><strong>1111111-</strong></span> 
     </span>
     <span class='ocr_line' id='line_1_24' title="bbox 356 3036 1652 3116; baseline -0.004 -17"><span class='ocrx_word' id='word_1_254' title='bbox 356 3047 470 3107; x_wconf 91' lang='lat' dir='ltr'><strong>truant;</strong></span> <span class='ocrx_word' id='word_1_255' title='bbox 501 3040 550 3116; x_wconf 92' lang='lat' dir='ltr'><strong>qui</strong></span> <span class='ocrx_word' id='word_1_256' title='bbox 573 3057 640 3097; x_wconf 85' lang='lat' dir='ltr'><strong>crim</strong></span> <span class='ocrx_word' id='word_1_257' title='bbox 664 3037 726 3098; x_wconf 73' lang='lat' dir='ltr'><strong>baio</strong></span> <span class='ocrx_word' id='word_1_258' title='bbox 748 3039 846 3097; x_wconf 84' lang='lat' dir='ltr'><strong>orrrnia</strong></span> <span class='ocrx_word' id='word_1_259' title='bbox 869 3039 1013 3105; x_wconf 88' lang='lat' dir='ltr'><strong>lacerent,</strong></span> <span class='ocrx_word' id='word_1_260' title='bbox 1044 3046 1139 3098; x_wconf 93' lang='lat' dir='ltr'><strong>tamen</strong></span> <span class='ocrx_word' id='word_1_261' title='bbox 1161 3037 1280 3098; x_wconf 89' lang='lat' dir='ltr'><strong>salutari</strong></span> <span class='ocrx_word' id='word_1_262' title='bbox 1302 3055 1335 3097; x_wconf 89' lang='lat' dir='ltr'><strong>se</strong></span> <span class='ocrx_word' id='word_1_263' title='bbox 1357 3036 1442 3115; x_wconf 85' lang='lat' dir='ltr'><strong>mlgo</strong></span> <span class='ocrx_word' id='word_1_264' title='bbox 1465 3036 1652 3097; x_wconf 87' lang='lat' dir='ltr'><strong>beatissimos</strong></span> 
     </span>
     <span class='ocr_line' id='line_1_25' title="bbox 358 3136 1652 3217; baseline -0.005 -16"><span class='ocrx_word' id='word_1_265' title='bbox 358 3149 387 3201; x_wconf 89' lang='lat' dir='ltr'><strong>et</strong></span> <span class='ocrx_word' id='word_1_266' title='bbox 408 3141 606 3200; x_wconf 80' lang='lat' dir='ltr'><strong>sanctissimos</strong></span> <span class='ocrx_word' id='word_1_267' title='bbox 629 3138 776 3206; x_wconf 84' lang='lat' dir='ltr'><strong>volebant.</strong></span> <span class='ocrx_word' id='word_1_268' title='bbox 801 3159 855 3199; x_wconf 88' lang='lat' dir='ltr'><strong>nce</strong></span> <span class='ocrx_word' id='word_1_269' title='bbox 877 3138 984 3217; x_wconf 90' lang='lat' dir='ltr'><strong>aliquid</strong></span> <span class='ocrx_word' id='word_1_270' title='bbox 1002 3140 1032 3198; x_wconf 91' lang='lat' dir='ltr'><strong>in</strong></span> <span class='ocrx_word' id='word_1_271' title='bbox 1046 3157 1116 3199; x_wconf 85' lang='lat' dir='ltr'><strong>suos</strong></span> <span class='ocrx_word' id='word_1_272' title='bbox 1130 3159 1229 3200; x_wconf 87' lang='lat' dir='ltr'><strong>mores</strong></span> <span class='ocrx_word' id='word_1_273' title='bbox 1243 3139 1300 3198; x_wconf 92' lang='lat' dir='ltr'><strong>diei</strong></span> <span class='ocrx_word' id='word_1_274' title='bbox 1316 3137 1516 3214; x_wconf 88' lang='lat' dir='ltr'><strong>patiebantur,</strong></span> <span class='ocrx_word' id='word_1_275' title='bbox 1541 3136 1652 3197; x_wconf 90' lang='lat' dir='ltr'><strong>uedmn</strong></span> 
     </span>
     <span class='ocr_line' id='line_1_26' title="bbox 288 3238 1686 3319; baseline -0.004 -15"><span class='ocrx_word' id='word_1_276' title='bbox 288 3244 430 3312; x_wconf 74' lang='lat' dir='ltr'><strong>§.nlieri</strong></span> <span class='ocrx_word' id='word_1_277' title='bbox 475 3243 506 3301; x_wconf 84' lang='lat' dir='ltr'><strong>Si</strong></span> <span class='ocrx_word' id='word_1_278' title='bbox 528 3244 593 3319; x_wconf 89' lang='lat' dir='ltr'><strong>qnis</strong></span> <span class='ocrx_word' id='word_1_279' title='bbox 617 3260 684 3301; x_wconf 87' lang='lat' dir='ltr'><strong>rero</strong></span> <span class='ocrx_word' id='word_1_280' title='bbox 707 3240 848 3300; x_wconf 84' lang='lat' dir='ltr'><strong>libertatis</strong></span> <span class='ocrx_word' id='word_1_281' title='bbox 870 3241 1050 3300; x_wconf 86' lang='lat' dir='ltr'><strong>meminisset</strong></span> <span class='ocrx_word' id='word_1_282' title='bbox 1071 3249 1121 3301; x_wconf 91' lang='lat' dir='ltr'><strong>ant</strong></span> <span class='ocrx_word' id='word_1_283' title='bbox 1142 3243 1166 3300; x_wconf 84' lang='lat' dir='ltr'><strong>si</strong></span> <span class='ocrx_word' id='word_1_284' title='bbox 1181 3241 1246 3319; x_wconf 87' lang='lat' dir='ltr'><strong>quis</strong></span> <span class='ocrx_word' id='word_1_285' title='bbox 1261 3238 1442 3317; x_wconf 88' lang='lat' dir='ltr'><strong>rapientibus</strong></span> <span class='ocrx_word' id='word_1_286' title='bbox 1457 3238 1686 3316; x_wconf 76' lang='lat' dir='ltr'><strong>impedimen-n</strong></span> 
     </span>
     <span class='ocr_line' id='line_1_27' title="bbox 356 3341 1653 3419; baseline -0.004 -16"><span class='ocrx_word' id='word_1_287' title='bbox 356 3353 434 3411; x_wconf 90' lang='grc'><strong>111111,</strong></span> <span class='ocrx_word' id='word_1_288' title='bbox 458 3351 508 3402; x_wconf 91' lang='lat' dir='ltr'><strong>aut</strong></span> <span class='ocrx_word' id='word_1_289' title='bbox 523 3361 636 3402; x_wconf 82' lang='lat' dir='ltr'><strong>nimam</strong></span> <span class='ocrx_word' id='word_1_290' title='bbox 652 3344 675 3401; x_wconf 85' lang='lat' dir='ltr'><strong>si</strong></span> <span class='ocrx_word' id='word_1_291' title='bbox 699 3344 764 3419; x_wconf 91' lang='lat' dir='ltr'><strong>quis</strong></span> <span class='ocrx_word' id='word_1_292' title='bbox 786 3343 905 3401; x_wconf 90' lang='lat' dir='ltr'><strong>omnino</strong></span> <span class='ocrx_word' id='word_1_293' title='bbox 928 3341 1097 3408; x_wconf 86' lang='lat' dir='ltr'><strong>obiecisset.</strong></span> <span class='ocrx_word' id='word_1_294' title='bbox 1120 3344 1149 3402; x_wconf 95' lang='lat' dir='ltr'><strong>in</strong></span> <span class='ocrx_word' id='word_1_295' title='bbox 1172 3344 1235 3403; x_wconf 89' lang='lat' dir='ltr'><strong>eins</strong></span> <span class='ocrx_word' id='word_1_296' title='bbox 1256 3341 1412 3402; x_wconf 83' lang='lat' dir='ltr'><strong>saeriebant</strong></span> <span class='ocrx_word' id='word_1_297' title='bbox 1434 3342 1563 3400; x_wconf 90' lang='lat' dir='ltr'><strong>animam</strong></span> <span class='ocrx_word' id='word_1_298' title='bbox 1586 3358 1653 3416; x_wconf 91' lang='lat' dir='ltr'><strong>per·</strong></span> 
     </span>
     <span class='ocr_line' id='line_1_28' title="bbox 357 3442 1651 3520; baseline -0.004 -16"><span class='ocrx_word' id='word_1_299' title='bbox 357 3445 459 3504; x_wconf 88' lang='lat' dir='ltr'><strong>dentes</strong></span> <span class='ocrx_word' id='word_1_300' title='bbox 474 3451 614 3504; x_wconf 85' lang='lat' dir='ltr'><strong>actutum.</strong></span> <span class='ocrx_word' id='word_1_301' title='bbox 656 3443 707 3501; x_wconf 87' lang='lat' dir='ltr'><strong>llis</strong></span> <span class='ocrx_word' id='word_1_302' title='bbox 721 3442 828 3502; x_wconf 88' lang='lat' dir='ltr'><strong>talibus</strong></span> <span class='ocrx_word' id='word_1_303' title='bbox 845 3444 900 3502; x_wconf 90' lang='lat' dir='ltr'><strong>iam</strong></span> <span class='ocrx_word' id='word_1_304' title='bbox 917 3444 1086 3504; x_wconf 86' lang='lat' dir='ltr'><strong>insatiandis</strong></span> <span class='ocrx_word' id='word_1_305' title='bbox 1102 3443 1279 3512; x_wconf 87' lang='lat' dir='ltr'><strong>latronibus,</strong></span> <span class='ocrx_word' id='word_1_306' title='bbox 1302 3452 1362 3504; x_wconf 91' lang='lat' dir='ltr'><strong>tam</strong></span> <span class='ocrx_word' id='word_1_307' title='bbox 1376 3442 1539 3503; x_wconf 79' lang='lat' dir='ltr'><strong>iamnitibus</strong></span> <span class='ocrx_word' id='word_1_308' title='bbox 1553 3449 1651 3520; x_wconf 69' lang='lat' dir='ltr'><strong>tpran·</strong></span> 
     </span>
     <span class='ocr_line' id='line_1_29' title="bbox 357 3544 1650 3625; baseline -0.003 -19"><span class='ocrx_word' id='word_1_309' title='bbox 357 3549 417 3612; x_wconf 84' lang='lat' dir='ltr'><strong>nis.</strong></span> <span class='ocrx_word' id='word_1_310' title='bbox 442 3564 538 3605; x_wconf 91' lang='lat' dir='ltr'><strong>nonne</strong></span> <span class='ocrx_word' id='word_1_311' title='bbox 561 3546 711 3604; x_wconf 87' lang='lat' dir='ltr'><strong>inimicum</strong></span> <span class='ocrx_word' id='word_1_312' title='bbox 733 3544 786 3603; x_wconf 92' lang='lat' dir='ltr'><strong>tibi</strong></span> <span class='ocrx_word' id='word_1_313' title='bbox 808 3544 890 3605; x_wconf 80' lang='lat' dir='ltr'><strong>valde</strong></span> <span class='ocrx_word' id='word_1_314' title='bbox 913 3553 1013 3622; x_wconf 88' lang='lat' dir='ltr'><strong>putas,</strong></span> <span class='ocrx_word' id='word_1_315' title='bbox 1037 3547 1061 3605; x_wconf 93' lang='lat' dir='ltr'><strong>si</strong></span> <span class='ocrx_word' id='word_1_316' title='bbox 1084 3548 1149 3625; x_wconf 90' lang='lat' dir='ltr'><strong>quis</strong></span> <span class='ocrx_word' id='word_1_317' title='bbox 1169 3554 1197 3606; x_wconf 93' lang='grc'><strong>11</strong></span> <span class='ocrx_word' id='word_1_318' title='bbox 1212 3547 1336 3616; x_wconf 89' lang='lat' dir='ltr'><strong>inserat,</strong></span> <span class='ocrx_word' id='word_1_319' title='bbox 1359 3546 1418 3605; x_wconf 83' lang='lat' dir='ltr'><strong>Leo</strong></span> <span class='ocrx_word' id='word_1_320' title='bbox 1435 3545 1650 3605; x_wconf 81' lang='lat' dir='ltr'><strong>rriaximelaut</strong></span> 
     </span>
     <span class='ocr_line' id='line_1_30' title="bbox 356 3644 1652 3726; baseline -0.003 -20"><span class='ocrx_word' id='word_1_321' title='bbox 356 3665 415 3707; x_wconf 91' lang='lat' dir='ltr'><strong>non</strong></span> <span class='ocrx_word' id='word_1_322' title='bbox 438 3648 548 3723; x_wconf 91' lang='lat' dir='ltr'><strong>optime</strong></span> <span class='ocrx_word' id='word_1_323' title='bbox 570 3646 606 3705; x_wconf 87' lang='lat' dir='ltr'><strong>de</strong></span> <span class='ocrx_word' id='word_1_324' title='bbox 629 3654 704 3705; x_wconf 88' lang='lat' dir='ltr'><strong>statu</strong></span> <span class='ocrx_word' id='word_1_325' title='bbox 729 3648 876 3724; x_wconf 88' lang='lat' dir='ltr'><strong>pontilicio</strong></span> <span class='ocrx_word' id='word_1_326' title='bbox 905 3648 1027 3707; x_wconf 91' lang='lat' dir='ltr'><strong>meritus</strong></span> <span class='ocrx_word' id='word_1_327' title='bbox 1054 3648 1167 3708; x_wconf 85' lang='lat' dir='ltr'><strong>ridetur</strong></span> <span class='ocrx_word' id='word_1_328' title='bbox 1195 3650 1246 3726; x_wconf 90' lang='lat' dir='ltr'><strong>qui</strong></span> <span class='ocrx_word' id='word_1_329' title='bbox 1273 3656 1302 3708; x_wconf 91' lang='lat' dir='ltr'><strong>te</strong></span> <span class='ocrx_word' id='word_1_330' title='bbox 1331 3666 1436 3726; x_wconf 90' lang='lat' dir='ltr'><strong>magna</strong></span> <span class='ocrx_word' id='word_1_331' title='bbox 1465 3665 1551 3712; x_wconf 85' lang='lat' dir='ltr'><strong>rore,</strong></span> <span class='ocrx_word' id='word_1_332' title='bbox 1585 3644 1652 3722; x_wconf 85' lang='lat' dir='ltr'><strong>qnia</strong></span> 
     </span>
     <span class='ocr_line' id='line_1_31' title="bbox 357 3745 1684 3827; baseline -0.004 -20"><span class='ocrx_word' id='word_1_333' title='bbox 357 3748 428 3809; x_wconf 90' lang='lat' dir='ltr'><strong>nibil</strong></span> <span class='ocrx_word' id='word_1_334' title='bbox 451 3767 517 3807; x_wconf 89' lang='lat' dir='ltr'><strong>cnm</strong></span> <span class='ocrx_word' id='word_1_335' title='bbox 541 3747 596 3805; x_wconf 89' lang='lat' dir='ltr'><strong>illis</strong></span> <span class='ocrx_word' id='word_1_336' title='bbox 619 3766 775 3808; x_wconf 89' lang='lat' dir='ltr'><strong>commune</strong></span> <span class='ocrx_word' id='word_1_337' title='bbox 798 3749 920 3816; x_wconf 85' lang='lat' dir='ltr'><strong>babeas,</strong></span> <span class='ocrx_word' id='word_1_338' title='bbox 945 3749 1099 3827; x_wconf 79' lang='lat' dir='ltr'><strong>praedicet,</strong></span> <span class='ocrx_word' id='word_1_339' title='bbox 1122 3748 1179 3809; x_wconf 89' lang='lat' dir='ltr'><strong>illis</strong></span> <span class='ocrx_word' id='word_1_340' title='bbox 1201 3757 1303 3810; x_wconf 83' lang='lat' dir='ltr'><strong>eontra</strong></span> <span class='ocrx_word' id='word_1_341' title='bbox 1325 3750 1421 3809; x_wconf 86' lang='lat' dir='ltr'><strong>omnia</strong></span> <span class='ocrx_word' id='word_1_342' title='bbox 1444 3765 1511 3826; x_wconf 78' lang='lat' dir='ltr'><strong>quae</strong></span> <span class='ocrx_word' id='word_1_343' title='bbox 1533 3745 1571 3804; x_wconf 90' lang='lat' dir='ltr'><strong>ad</strong></span> <span class='ocrx_word' id='word_1_344' title='bbox 1586 3758 1684 3804; x_wconf 79' lang='lat' dir='ltr'><strong>sue-³⁰</strong></span> 
     </span>
     <span class='ocr_line' id='line_1_32' title="bbox 358 3849 1650 3929; baseline 0.001 -19"><span class='ocrx_word' id='word_1_345' title='bbox 358 3852 520 3911; x_wconf 85' lang='lat' dir='ltr'><strong>cessionem</strong></span> <span class='ocrx_word' id='word_1_346' title='bbox 536 3849 613 3908; x_wconf 74' lang='lat' dir='ltr'><strong>l&#39;etri</strong></span> <span class='ocrx_word' id='word_1_347' title='bbox 637 3849 775 3918; x_wconf 87' lang='lat' dir='ltr'><strong>attinent,</strong></span> <span class='ocrx_word' id='word_1_348' title='bbox 799 3850 952 3910; x_wconf 71' lang='lat' dir='ltr'><strong>detrabat?</strong></span> <span class='ocrx_word' id='word_1_349' title='bbox 974 3851 1019 3911; x_wconf 86' lang='lat' dir='ltr'><strong>rel</strong></span> <span class='ocrx_word' id='word_1_350' title='bbox 1034 3869 1093 3910; x_wconf 94' lang='lat' dir='ltr'><strong>non</strong></span> <span class='ocrx_word' id='word_1_351' title='bbox 1108 3850 1265 3911; x_wconf 87' lang='lat' dir='ltr'><strong>benedices</strong></span> <span class='ocrx_word' id='word_1_352' title='bbox 1280 3850 1335 3920; x_wconf 87' lang='lat' dir='ltr'><strong>illl,</strong></span> <span class='ocrx_word' id='word_1_353' title='bbox 1358 3851 1438 3929; x_wconf 84' lang='lat' dir='ltr'><strong>pacis</strong></span> <span class='ocrx_word' id='word_1_354' title='bbox 1459 3855 1650 3910; x_wconf 80' lang='lat' dir='ltr'><strong>restaurator.</strong></span> 
     </span>
     <span class='ocr_line' id='line_1_33' title="bbox 288 3949 1651 4030; baseline -0.006 -16"><span class='ocrx_word' id='word_1_355' title='bbox 288 3953 406 4030; x_wconf 74' lang='lat' dir='ltr'><strong>§.aequi</strong></span> <span class='ocrx_word' id='word_1_356' title='bbox 433 3951 479 4010; x_wconf 88' lang='lat' dir='ltr'><strong>bis</strong></span> <span class='ocrx_word' id='word_1_357' title='bbox 506 3949 687 4010; x_wconf 87' lang='lat' dir='ltr'><strong>maledixerit</strong></span> <span class='ocrx_word' id='word_1_358' title='bbox 716 3949 860 4011; x_wconf 88' lang='lat' dir='ltr'><strong>bellorum</strong></span> <span class='ocrx_word' id='word_1_359' title='bbox 890 3960 920 4011; x_wconf 92' lang='lat' dir='ltr'><strong>et</strong></span> <span class='ocrx_word' id='word_1_360' title='bbox 948 3952 1124 4012; x_wconf 89' lang='lat' dir='ltr'><strong>seditionum</strong></span> <span class='ocrx_word' id='word_1_361' title='bbox 1152 3953 1320 4014; x_wconf 74' lang='lat' dir='ltr'><strong>autoribus?</strong></span> <span class='ocrx_word' id='word_1_362' title='bbox 1353 3950 1490 4022; x_wconf 82' lang='lat' dir='ltr'><strong>Quinimo</strong></span> <span class='ocrx_word' id='word_1_363' title='bbox 1518 3957 1548 4008; x_wconf 90' lang='lat' dir='ltr'><strong>te</strong></span> <span class='ocrx_word' id='word_1_364' title='bbox 1577 3949 1651 4012; x_wconf 87' lang='lat' dir='ltr'><strong>nori.</strong></span> 
     </span>
     <span class='ocr_line' id='line_1_34' title="bbox 356 4049 1651 4133; baseline -0.005 -19"><span class='ocrx_word' id='word_1_365' title='bbox 356 4055 515 4115; x_wconf 87' lang='lat' dir='ltr'><strong>maledices</strong></span> <span class='ocrx_word' id='word_1_366' title='bbox 538 4054 583 4114; x_wconf 87' lang='lat' dir='ltr'><strong>nis</strong></span> <span class='ocrx_word' id='word_1_367' title='bbox 606 4054 685 4129; x_wconf 86' lang='lat' dir='ltr'><strong>ipse,</strong></span> <span class='ocrx_word' id='word_1_368' title='bbox 708 4053 791 4111; x_wconf 92' lang='lat' dir='ltr'><strong>utin</strong></span> <span class='ocrx_word' id='word_1_369' title='bbox 814 4052 975 4130; x_wconf 84' lang='lat' dir='ltr'><strong>quemlibet</strong></span> <span class='ocrx_word' id='word_1_370' title='bbox 999 4072 1102 4114; x_wconf 93' lang='lat' dir='ltr'><strong>eorum</strong></span> <span class='ocrx_word' id='word_1_371' title='bbox 1125 4056 1277 4116; x_wconf 82' lang='lat' dir='ltr'><strong>conveniat</strong></span> <span class='ocrx_word' id='word_1_372' title='bbox 1292 4053 1498 4133; x_wconf 85' lang='lat' dir='ltr'><strong>propheticum</strong></span> <span class='ocrx_word' id='word_1_373' title='bbox 1514 4051 1573 4110; x_wconf 93' lang='lat' dir='ltr'><strong>hoc</strong></span> <span class='ocrx_word' id='word_1_374' title='bbox 1596 4049 1651 4109; x_wconf 77' lang='lat' dir='ltr'><strong>‘lli-</strong></span> 
     </span>
     <span class='ocr_line' id='line_1_35' title="bbox 357 4149 1650 4232; baseline -0.008 -16"><span class='ocrx_word' id='word_1_375' title='bbox 357 4157 426 4217; x_wconf 83' lang='lat' dir='ltr'><strong>lerit</strong></span> <span class='ocrx_word' id='word_1_376' title='bbox 448 4154 682 4217; x_wconf 86' lang='lat' dir='ltr'><strong>maledictionem</strong></span> <span class='ocrx_word' id='word_1_377' title='bbox 706 4161 734 4213; x_wconf 89' lang='lat' dir='ltr'><strong>et</strong></span> <span class='ocrx_word' id='word_1_378' title='bbox 756 4156 833 4214; x_wconf 80' lang='lat' dir='ltr'><strong>venit</strong></span> <span class='ocrx_word' id='word_1_379' title='bbox 856 4155 901 4222; x_wconf 88' lang='lat' dir='ltr'><strong>ei,</strong></span> <span class='ocrx_word' id='word_1_380' title='bbox 925 4154 1020 4216; x_wconf 89' lang='lat' dir='ltr'><strong>noluit</strong></span> <span class='ocrx_word' id='word_1_381' title='bbox 1041 4154 1276 4216; x_wconf 89' lang='lat' dir='ltr'><strong>benedictionem</strong></span> <span class='ocrx_word' id='word_1_382' title='bbox 1299 4164 1328 4216; x_wconf 88' lang='lat' dir='ltr'><strong>et</strong></span> <span class='ocrx_word' id='word_1_383' title='bbox 1343 4152 1529 4232; x_wconf 81' lang='lat' dir='ltr'><strong>elongabitur</strong></span> <span class='ocrx_word' id='word_1_384' title='bbox 1544 4151 1583 4211; x_wconf 93' lang='lat' dir='ltr'><strong>ab</strong></span> <span class='ocrx_word' id='word_1_385' title='bbox 1600 4149 1650 4210; x_wconf 74' lang='grc' dir='ltr'><strong>ω’.</strong></span> 
     </span>
     <span class='ocr_line' id='line_1_36' title="bbox 357 4252 1682 4335; baseline -0.005 -16"><span class='ocrx_word' id='word_1_386' title='bbox 357 4260 406 4319; x_wconf 84' lang='lat' dir='ltr'><strong>Sic</strong></span> <span class='ocrx_word' id='word_1_387' title='bbox 428 4257 631 4319; x_wconf 80' lang='lat' dir='ltr'><strong>maledicendo</strong></span> <span class='ocrx_word' id='word_1_388' title='bbox 653 4255 817 4333; x_wconf 86' lang='lat' dir='ltr'><strong>perdebant</strong></span> <span class='ocrx_word' id='word_1_389' title='bbox 839 4254 880 4315; x_wconf 84' lang='lat' dir='ltr'><strong>illi</strong></span> <span class='ocrx_word' id='word_1_390' title='bbox 902 4257 980 4317; x_wconf 89' lang='lat' dir='ltr'><strong>enim</strong></span> <span class='ocrx_word' id='word_1_391' title='bbox 1004 4258 1116 4317; x_wconf 89' lang='lat' dir='ltr'><strong>animas</strong></span> <span class='ocrx_word' id='word_1_392' title='bbox 1138 4258 1307 4326; x_wconf 88' lang='lat' dir='ltr'><strong>bominum,</strong></span> <span class='ocrx_word' id='word_1_393' title='bbox 1329 4258 1412 4335; x_wconf 85' lang='lat' dir='ltr'><strong>qnasi</strong></span> <span class='ocrx_word' id='word_1_394' title='bbox 1427 4272 1487 4316; x_wconf 91' lang='lat' dir='ltr'><strong>non</strong></span> <span class='ocrx_word' id='word_1_395' title='bbox 1504 4261 1584 4314; x_wconf 85' lang='lat' dir='ltr'><strong>esset</strong></span> <span class='ocrx_word' id='word_1_396' title='bbox 1597 4252 1682 4312; x_wconf 76' lang='lat' dir='ltr'><strong>deos</strong></span> 
     </span>
     <span class='ocr_line' id='line_1_37' title="bbox 358 4354 1652 4438; baseline -0.007 -20"><span class='ocrx_word' id='word_1_397' title='bbox 358 4360 446 4420; x_wconf 84' lang='lat' dir='ltr'><strong>elrara</strong></span> <span class='ocrx_word' id='word_1_398' title='bbox 469 4360 532 4420; x_wconf 83' lang='lat' dir='ltr'><strong>baec</strong></span> <span class='ocrx_word' id='word_1_399' title='bbox 554 4360 709 4438; x_wconf 88' lang='lat' dir='ltr'><strong>possessio.</strong></span> <span class='ocrx_word' id='word_1_400' title='bbox 755 4376 826 4436; x_wconf 87' lang='lat' dir='ltr'><strong>ergo</strong></span> <span class='ocrx_word' id='word_1_401' title='bbox 849 4377 908 4417; x_wconf 93' lang='lat' dir='ltr'><strong>non</strong></span> <span class='ocrx_word' id='word_1_402' title='bbox 937 4360 1056 4418; x_wconf 85' lang='lat' dir='ltr'><strong>luerunt</strong></span> <span class='ocrx_word' id='word_1_403' title='bbox 1082 4366 1232 4436; x_wconf 88' lang='lat' dir='ltr'><strong>pastores,</strong></span> <span class='ocrx_word' id='word_1_404' title='bbox 1267 4360 1333 4438; x_wconf 89' lang='lat' dir='ltr'><strong>qnia</strong></span> <span class='ocrx_word' id='word_1_405' title='bbox 1361 4377 1420 4418; x_wconf 94' lang='lat' dir='ltr'><strong>non</strong></span> <span class='ocrx_word' id='word_1_406' title='bbox 1449 4354 1652 4416; x_wconf 88' lang='lat' dir='ltr'><strong>custodiebant</strong></span> 
     </span>
     <span class='ocr_line' id='line_1_38' title="bbox 357 4456 1651 4539; baseline -0.004 -20"><span class='ocrx_word' id='word_1_407' title='bbox 357 4463 481 4531; x_wconf 83' lang='lat' dir='ltr'><strong>animas,</strong></span> <span class='ocrx_word' id='word_1_408' title='bbox 505 4461 556 4521; x_wconf 90' lang='lat' dir='ltr'><strong>sed</strong></span> <span class='ocrx_word' id='word_1_409' title='bbox 580 4461 758 4538; x_wconf 85' lang='lat' dir='ltr'><strong>perdebant.</strong></span> <span class='ocrx_word' id='word_1_410' title='bbox 788 4468 817 4520; x_wconf 91' lang='lat' dir='ltr'><strong>et</strong></span> <span class='ocrx_word' id='word_1_411' title='bbox 839 4459 1089 4520; x_wconf 81' lang='lat' dir='ltr'><strong>circumeuntibus</strong></span> <span class='ocrx_word' id='word_1_412' title='bbox 1118 4460 1296 4522; x_wconf 88' lang='lat' dir='ltr'><strong>dominicum</strong></span> <span class='ocrx_word' id='word_1_413' title='bbox 1325 4478 1445 4539; x_wconf 87' lang='lat' dir='ltr'><strong>gregem</strong></span> <span class='ocrx_word' id='word_1_414' title='bbox 1475 4458 1553 4536; x_wconf 84' lang='lat' dir='ltr'><strong>lupis</strong></span> <span class='ocrx_word' id='word_1_415' title='bbox 1582 4456 1651 4516; x_wconf 90' lang='lat' dir='ltr'><strong>obii·</strong></span> 
     </span>
     <span class='ocr_line' id='line_1_39' title="bbox 358 4559 1649 4642; baseline -0.003 -23"><span class='ocrx_word' id='word_1_416' title='bbox 358 4561 473 4620; x_wconf 88' lang='lat' dir='ltr'><strong>ciebant</strong></span> <span class='ocrx_word' id='word_1_417' title='bbox 495 4562 601 4622; x_wconf 84' lang='lat' dir='ltr'><strong>Christi</strong></span> <span class='ocrx_word' id='word_1_418' title='bbox 625 4581 708 4623; x_wconf 85' lang='lat' dir='ltr'><strong>ores:</strong></span> <span class='ocrx_word' id='word_1_419' title='bbox 743 4580 801 4623; x_wconf 93' lang='lat' dir='ltr'><strong>non</strong></span> <span class='ocrx_word' id='word_1_420' title='bbox 832 4570 964 4640; x_wconf 85' lang='lat' dir='ltr'><strong>pastores</strong></span> <span class='ocrx_word' id='word_1_421' title='bbox 992 4562 1111 4623; x_wconf 86' lang='lat' dir='ltr'><strong>luerunt</strong></span> <span class='ocrx_word' id='word_1_422' title='bbox 1141 4561 1197 4631; x_wconf 88' lang='lat' dir='ltr'><strong>illi,</strong></span> <span class='ocrx_word' id='word_1_423' title='bbox 1231 4564 1364 4642; x_wconf 87' lang='lat' dir='ltr'><strong>inquam,</strong></span> <span class='ocrx_word' id='word_1_424' title='bbox 1399 4560 1451 4620; x_wconf 90' lang='lat' dir='ltr'><strong>sed</strong></span> <span class='ocrx_word' id='word_1_425' title='bbox 1481 4559 1561 4637; x_wconf 88' lang='lat' dir='ltr'><strong>lupi;</strong></span> <span class='ocrx_word' id='word_1_426' title='bbox 1595 4574 1649 4617; x_wconf 91' lang='lat' dir='ltr'><strong>non</strong></span> 
     </span>
    </p>
   </div>
   <div class='ocr_carea' id='block_1_3' title="bbox 427 4777 1650 4846">
    <p class='ocr_par' dir='ltr' id='par_1_3' title="bbox 427 4777 1650 4846">
     <span class='ocr_line' id='line_1_40' title="bbox 427 4777 1650 4846; baseline 0.001 -20"><span class='ocrx_word' id='word_1_427' title='bbox 427 4777 448 4810; x_wconf 84' lang='lat'><strong>¹²</strong></span> <span class='ocrx_word' id='word_1_428' title='bbox 464 4778 593 4830; x_wconf 81' lang='lat' dir='ltr'><strong>Miranda</strong></span> <span class='ocrx_word' id='word_1_429' title='bbox 610 4781 657 4831; x_wconf 89' lang='lat' dir='ltr'><strong>bie</strong></span> <span class='ocrx_word' id='word_1_430' title='bbox 676 4788 849 4833; x_wconf 79' lang='lat' dir='ltr'><strong>enarrantur.</strong></span> <span class='ocrx_word' id='word_1_431' title='bbox 867 4798 947 4846; x_wconf 59' lang='lat' dir='ltr'><strong>maqq.</strong></span> <span class='ocrx_word' id='word_1_432' title='bbox 961 4785 1021 4834; x_wconf 63' lang='lat' dir='ltr'><strong>sl.</strong></span> <span class='ocrx_word' id='word_1_433' title='bbox 1100 4780 1122 4812; x_wconf 83' lang='lat'><strong>¹⁷</strong></span> <span class='ocrx_word' id='word_1_434' title='bbox 1139 4781 1336 4832; x_wconf 81' lang='lat' dir='ltr'><strong>eleemosinam</strong></span> <span class='ocrx_word' id='word_1_435' title='bbox 1356 4783 1382 4830; x_wconf 74' lang='grc' dir='ltr'><strong>ὅ.</strong></span> <span class='ocrx_word' id='word_1_436' title='bbox 1453 4778 1474 4811; x_wconf 79' lang='lat'><strong>¹⁹</strong></span> <span class='ocrx_word' id='word_1_437' title='bbox 1492 4777 1614 4829; x_wconf 81' lang='lat' dir='ltr'><strong>millibus</strong></span> <span class='ocrx_word' id='word_1_438' title='bbox 1626 4778 1650 4823; x_wconf 72' lang='lat'><strong>0.</strong></span> 
     </span>
    </p>
   </div>
   <div class='ocr_carea' id='block_1_4' title="bbox 358 4860 1649 5020">
    <p class='ocr_par' dir='ltr' id='par_1_4' title="bbox 358 4860 1649 5020">
     <span class='ocr_line' id='line_1_41' title="bbox 358 4860 1649 4932; baseline -0.002 -21"><span class='ocrx_word' id='word_1_439' title='bbox 358 4860 381 4896; x_wconf 59' lang='grc' dir='ltr'><strong>ἢ</strong></span> <span class='ocrx_word' id='word_1_440' title='bbox 398 4861 503 4912; x_wconf 81' lang='lat' dir='ltr'><strong>Contra</strong></span> <span class='ocrx_word' id='word_1_441' title='bbox 516 4865 618 4914; x_wconf 86' lang='lat' dir='ltr'><strong>Leonis</strong></span> <span class='ocrx_word' id='word_1_442' title='bbox 632 4868 785 4916; x_wconf 77' lang='lat' dir='ltr'><strong>orationem</strong></span> <span class='ocrx_word' id='word_1_443' title='bbox 799 4867 833 4916; x_wconf 81' lang='lat' dir='ltr'><strong>od</strong></span> <span class='ocrx_word' id='word_1_444' title='bbox 847 4869 996 4932; x_wconf 85' lang='lat' dir='ltr'><strong>principes.</strong></span> <span class='ocrx_word' id='word_1_445' title='bbox 1010 4882 1089 4930; x_wconf 70' lang='lat' dir='ltr'><strong>interp.</strong></span> <span class='ocrx_word' id='word_1_446' title='bbox 1098 4869 1154 4916; x_wconf 72' lang='lat' dir='ltr'><strong>SA.</strong></span> <span class='ocrx_word' id='word_1_447' title='bbox 1207 4866 1228 4898; x_wconf 78' lang='lat'><strong>³³</strong></span> <span class='ocrx_word' id='word_1_448' title='bbox 1246 4862 1384 4931; x_wconf 80' lang='lat' dir='ltr'><strong>prophet}</strong></span> <span class='ocrx_word' id='word_1_449' title='bbox 1397 4863 1501 4914; x_wconf 72' lang='lat' dir='ltr'><strong>Pselm.</strong></span> <span class='ocrx_word' id='word_1_450' title='bbox 1513 4862 1649 4914; x_wconf 77' lang='lat' dir='ltr'><strong>CVIII-ts.</strong></span> 
     </span>
     <span class='ocr_line' id='line_1_42' title="bbox 358 4943 927 5020; baseline 0 -24"><span class='ocrx_word' id='word_1_451' title='bbox 358 4943 382 4977; x_wconf 77' lang='lat'><strong>&#39;⁸</strong></span> <span class='ocrx_word' id='word_1_452' title='bbox 399 4949 478 5020; x_wconf 80' lang='lat' dir='ltr'><strong>qussi</strong></span> <span class='ocrx_word' id='word_1_453' title='bbox 495 4947 548 4999; x_wconf 82' lang='lat' dir='ltr'><strong>(leo</strong></span> <span class='ocrx_word' id='word_1_454' title='bbox 565 4961 620 4998; x_wconf 87' lang='lat' dir='ltr'><strong>non</strong></span> <span class='ocrx_word' id='word_1_455' title='bbox 638 4955 713 5000; x_wconf 83' lang='lat' dir='ltr'><strong>esset</strong></span> <span class='ocrx_word' id='word_1_456' title='bbox 731 4951 817 5000; x_wconf 79' lang='lat' dir='ltr'><strong>obers</strong></span> <span class='ocrx_word' id='word_1_457' title='bbox 835 4955 883 4996; x_wconf 74' lang='lat' dir='ltr'><strong>MS.</strong></span> <span class='ocrx_word' id='word_1_458' title='bbox 900 4958 927 4997; x_wconf 82' lang='lat' dir='ltr'><strong>A.</strong></span> 
     </span>
    </p>
   </div>
   <div class='ocr_carea' id='block_1_5' title="bbox 0 0 1984 5950">
    <p class='ocr_par' dir='ltr' id='par_1_5' title="bbox 0 0 1984 5950">
     <span class='ocr_line' id='line_1_43' title="bbox 0 0 1984 5950; baseline 0 0"><span class='ocrx_word' id='word_1_459' title='bbox 0 0 1984 5950; x_wconf 95' lang='lat' dir='ltr'><strong> </strong></span> 
     </span>
    </p>
   </div>
  </div>
 </body>
</html>
