3917 5950
299 618 339 693 3l
350 616 372 691 6
392 633 678 687 CXLl⁷.ote1rou.tn
688 646 770 682 nvrr.
779 646 821 682 ae.
836 630 955 684 CXLVI.
964 646 1046 682 narni
1057 645 1119 683 uos.
1129 646 1165 684 tn
1176 646 1331 684 inuenire
1340 646 1420 684 nno.
1431 639 1464 683 tc.
1472 640 1585 686 necnon.

1067 762 1079 780 .

297 811 379 857 nator
398 811 426 856 et
444 803 639 863 consiliarius,
660 803 720 853 sire
739 803 812 852 intra
832 802 974 854 cancellos
993 803 1214 854 consiliariorum
1232 805 1336 870 primas
1361 809 1464 855 tenens
1488 802 1587 854 cancel·

298 891 385 940 larius
404 896 445 940 cst
464 889 631 940 declaratus.
668 888 797 955 Suscepit
821 904 881 939 earn
905 889 1095 940 condicionem
1122 890 1256 940 libentius
1282 891 1359 949 ideo,
1390 895 1421 938 ut
1445 890 1587 954 Mogontite

299 991 405 1041 quoque
429 974 669 1026 Christianismum
692 973 842 1039 plantaret.
890 973 938 1024 Sic
962 976 1036 1025 enim
1063 976 1123 1041 ipso
1148 975 1267 1040 epistole
1291 975 1326 1024 ed
1349 975 1508 1025 Huttenum
1530 976 1588 1025 nuni

298 1060 448 1125 superioris
466 1076 559 1109 meuse
572 1059 733 1110 Novembri:

300 1222 306 1233 ι
382 1146 465 1205 Iuris
483 1146 643 1222 Pontifici,
667 1151 837 1233 attineant,
860 1145 1050 1205 Doctorntum
1073 1149 1251 1222 suscipiam:
1276 1153 1405 1223 propter
1426 1148 1605 1205 auctorita-⁵

298 1254 354 1308 tem
374 1249 510 1307 videlicet
527 1248 782 1322 comparandam:
802 1262 922 1321 scopum
943 1248 1114 1321 celcleras,
1141 1266 1211 1324 proe
1234 1253 1340 1309 ceteris
1366 1252 1468 1308 multis
1489 1264 1589 1307 sacro-

298 1358 442 1410 sanctum.
480 1350 564 1410 Licet
584 1349 701 1408 interim
720 1351 779 1407 sint
800 1351 895 1422 aliqui
914 1351 967 1423 qui
988 1352 1055 1409 vitio
1077 1358 1194 1410 vertunt
1216 1350 1394 1426 Theoloqum
1410 1368 1475 1411 esse
1493 1359 1522 1410 et
1535 1365 1589 1408 unc

298 1455 387 1512 simul
403 1454 534 1511 ciuilem:
556 1453 645 1525 quusi
669 1449 829 1523 Theoloaus
849 1467 966 1510 neccsse
988 1452 1097 1510 babeat
1112 1470 1224 1512 exuere
1241 1469 1354 1514 omnem
1370 1453 1588 1512 leumanitatem.

367 1551 456 1601 Suesu
481 1568 546 1617 ergo
564 1548 682 1601 Hulteni
705 1552 789 1600 amici
812 1553 924 1600 tertium
942 1552 1073 1602 Doctoris
1091 1553 1206 1617 gradum
1229 1554 1367 1620 prioribus
1392 1553 1532 1609 adimit,
1558 1550 1588 1600 ob

300 1653 414 1688 causam
432 1637 596 1698 indicatum,
617 1643 646 1687 ut
665 1641 693 1685 et
706 1635 810 1688 Christi
827 1651 941 1702 reguum
959 1653 1120 1703 promovere
1140 1644 1169 1689 ct
1186 1637 1336 1703 halcyonia
1355 1637 1488 1690 ecclesiae
1502 1637 1587 1686 locere
1597 1640 1613 1680 tt

298 1726 418 1791 posset.''

823 2127 1077 2205 CXXXXVI.
1401 2153 1571 2197 onec-1⁵1⁹.

1380 2217 1586 2229 1,-

543 2304 671 2364 nunnvs
694 2266 910 2362 nosnininvs
931 2305 1019 2362 ivuo
1043 2300 1203 2383 [Patre]
1227 2305 1290 2362 svo
1313 2305 1339 2361 s,

383 2443 476 2517 Nuper
497 2460 558 2498 curn
579 2460 593 2497 a
617 2440 734 2496 Treviris
757 2442 837 2503 meis,
860 2460 914 2516 quo
933 2460 965 2498 on
983 2442 1098 2514 negocio
1117 2443 1234 2516 quodam
1250 2441 1374 2517 principe
1397 2441 1468 2497 hene
1490 2442 1589 2497 favente

300 2530 352 2586 iter
379 2528 562 2589 coniecerant.
594 2527 621 2581 in
649 2527 717 2581 hanc
745 2535 818 2582 tuam
846 2528 960 2601 patriam
989 2545 1030 2583 rue
1059 2527 1219 2601 reciperent,
1256 2527 1317 2584 mali
1347 2528 1491 2600 suspicans
1517 2525 1610 2586 nitito

299 2623 400 2670 tantam
423 2630 513 2668 rerunt
536 2612 656 2668 oninium
678 2611 921 2684 permutationem,
943 2613 1026 2669 immo
1046 2612 1281 2687 perturbationem
1305 2612 1423 2673 ollenrli.·
1444 2620 1475 2667 ut
1492 2611 1587 2668 subita·

299 2717 366 2755 neos
389 2699 455 2753 adeo
481 2715 572 2753 return
594 2697 771 2752 humanarum
801 2706 891 2753 motus
919 2699 986 2753 satis
1010 2697 1101 2752 mirari
1125 2716 1179 2754 non
1201 2715 1318 2772 possein.
1364 2714 1427 2753 narn
1452 2699 1541 2753 statim
1561 2705 1588 2753 ut

299 2783 477 2858 Erphurdinm
502 2783 528 2838 iu
551 2780 688 2838 redeundo
711 2781 834 2854 perveni,
858 2782 934 2837 amici
959 2800 1028 2856 quos
1051 2781 1106 2839 illic
1128 2783 1214 2839 habeo
1237 2783 1338 2839 multos
1357 2791 1385 2839 et
1407 2800 1536 2856 magnos,
1555 2782 1588 2837 oi·

299 2870 361 2925 vilia
383 2868 475 2944 potius
497 2877 544 2924 aut
566 2866 707 2923 familiaria
731 2867 865 2923 Saxonum
891 2867 962 2923 iuter
985 2885 1044 2923 sese
1072 2867 1142 2923 bclla
1167 2867 1320 2924 narrabant.
1366 2877 1425 2923 tuin
1448 2866 1589 2924 litterarius

299 2953 515 3013 conflictationes
534 2952 631 3028 hipsiae
654 2969 684 3008 ac
703 2951 913 3026 Wittcnhergae,
942 2969 973 3009 ex
998 2969 1052 3026 quo
1073 2952 1214 3017 abiissent,
1242 2953 1354 3011 lamosee
1378 2951 1454 3009 illius
1475 2953 1613 3028 disputa-²⁰

299 3041 382 3098 tionis
411 3041 552 3097 occasione
577 3038 748 3100 existentem,
779 3056 809 3094 ac
841 3038 900 3094 sinc
928 3038 981 3094 hnc
1009 3038 1231 3112 progredientem
1258 3055 1372 3113 quarum
1396 3045 1424 3094 ct
1449 3038 1507 3113 ipse
1533 3056 1589 3112 pars

300 3144 388 3183 essem
404 3165 1028 3181 ..........................
1044 3141 1154 3180 acuero
1176 3124 1398 3198 archiepiscopus
1417 3123 1588 3183 Trevircnsis,

299 3212 342 3268 cui
368 3211 474 3286 llartini
497 3227 577 3267 causa
599 3226 614 3264 a
635 3209 762 3282 pontifice
790 3216 833 3263 est
856 3208 1013 3271 commissa,
1042 3209 1145 3264 homini
1175 3221 1242 3265 non·
1258 3209 1402 3265 admodum
1432 3207 1488 3263 vult
1517 3207 1588 3263 male.

299 3298 324 3352 nt
349 3297 421 3369 qtiod
444 3314 475 3351 cx
497 3304 592 3351 mutuo
617 3292 773 3366 colloquio,
799 3311 860 3349 curn
883 3310 970 3367 nuper
993 3293 1019 3348 in
1046 3294 1132 3367 patria
1155 3295 1186 3349 ad
1209 3294 1350 3368 prandium
1375 3293 1408 3348 ab
1430 3311 1464 3349 eo
1485 3302 1589 3349 vocatus

299 3399 399 3441 cssern.
420 3381 510 3436 didici.
555 3380 603 3435 llic
626 3379 708 3434 heros
732 3378 959 3451 prudentissimus
987 3387 1030 3434 cst
1055 3386 1083 3434 et
1109 3380 1190 3434 auiuii
1215 3379 1293 3453 plane
1316 3379 1423 3452 magni,
1449 3388 1481 3433 ut
1498 3378 1614 3433 Roma-2⁵

299 3482 397 3520 nenses
426 3465 493 3520 istos
523 3463 589 3520 nihil
619 3472 748 3519 moretur.
793 3462 952 3518 Franciscus
969 3463 1002 3518 ilc
1025 3463 1180 3537 Syggingen
1205 3463 1250 3520 illc
1268 3481 1383 3536 maguus
1405 3463 1432 3518 in
1455 3462 1590 3519 Gernnnia

299 3550 396 3605 (luctor
418 3549 611 3621 Hegestratuut
639 3566 669 3604 uc
696 3567 761 3604 snos
789 3547 905 3603 soilnlcis
934 3547 1054 3620 graviter
1078 3559 1169 3622 urget,
1200 3566 1254 3622 quo
1278 3548 1409 3623 Capnioni
1435 3557 1532 3604 nostro
1554 3547 1588 3602 rei

299 3633 439 3689 familiaris
465 3634 608 3696 iacturam,
641 3650 721 3706 quani
750 3641 864 3707 propter
893 3649 941 3689 cos
970 3632 1047 3695 lecit,
1081 3633 1151 3689 intre
1178 3641 1278 3689 statum
1301 3641 1409 3706 tenipus
1439 3634 1589 3691 resarciant.

298 3719 400 3791 alioqui
429 3735 458 3773 se
487 3736 534 3773 cos
561 3718 664 3792 pariter
691 3727 718 3774 et
746 3717 935 3773 Colonienscnt
967 3734 1050 3792 remp.
1073 3719 1250 3775 alllicturuni:
1284 3717 1405 3774 devoluti
1430 3719 1503 3773 enirn
1531 3725 1589 3772 sunt

298 3804 393 3859 hostes
415 3801 555 3859 Reuebliui
582 3803 608 3858 in
628 3820 804 3876 expensarum
825 3803 1078 3859 condemnationem
1101 3813 1132 3860 ut
1154 3811 1257 3860 vocant.
1302 3802 1437 3876 Ulryehus
1460 3802 1613 3859 fluitenmtt

298 3888 429 3963 principis
452 3888 493 3943 sui
515 3887 649 3942 suintibus
671 3887 819 3960 lloguntiae
839 3887 921 3942 trium
938 3887 1090 3960 linguarum
1113 3888 1233 3944 scholam
1257 3889 1379 3944 adornat.
1414 3887 1495 3943 Vides
1516 3905 1587 3960 quan

298 3973 391 4048 paucis
413 3973 491 4028 aunis
513 3981 571 4028 tota
591 3971 732 4027 Germania
754 3972 860 4028 litteras
880 3972 995 4046 coeperit
1017 3973 1151 4048 ainplecti.
1185 3972 1218 4029 llt
1239 3973 1267 4029 in
1289 3973 1339 4029 hac
1362 3971 1443 4027 laude
1458 3971 1587 4028 Friderico

298 4058 414 4133 principi
439 4057 552 4114 electori
574 4056 669 4131 prlutae
691 4056 825 4112 debentur
847 4100 1090 4113 ...........
1134 4058 1226 4116 llisnae
1249 4066 1343 4115 octavo
1370 4056 1453 4114 Eidus
1472 4054 1585 4114 llcoeinb.

297 4146 347 4200 tn.
370 4142 509 4199 tittxtx.
555 4140 661 4215 llaptint
683 4158 713 4198 ac
735 4142 891 4233 celerrime,
917 4150 949 4198 ut
970 4143 1052 4198 vides.

299 4392 472 4443 cxxxxvr.
500 4395 542 4444 nx
560 4393 639 4444 Petri
656 4392 804 4443 uoseiuni
827 4391 930 4442 titteris
949 4393 985 4442 aa
1002 4391 1103 4442 nuum
1120 4357 1258 4457 piligrim
1276 4392 1310 4441 ne
1329 4391 1520 4458 disputatione
1537 4391 1582 4439 m-

298 4476 370 4526 theri
388 4494 448 4527 cum
466 4480 552 4529 Eoeio
570 4478 675 4543 Lipsiae
692 4477 791 4528 habito
810 4493 836 4526 a.
851 4475 925 4526 1519.
945 4493 978 4526 ex
997 4465 1171 4542 aricoyoot'onp
1188 4476 1336 4542 descriptis
1354 4477 1383 4525 in
1401 4476 1442 4527 Io.
1463 4473 1583 4525 Schilteri

373 4562 406 4610 de
425 4561 556 4613 libertate
575 4562 756 4613 eeclesiarum
776 4561 936 4611 Germanice·
949 4561 999 4613 lib.
1012 4560 1074 4609 Vll.
1094 4559 1169 4610 Ienae
1185 4559 1258 4611 1083.
1277 4560 1313 4609 4⁰.
1333 4577 1359 4625 p.
1373 4559 1515 4611 840...852.

369 4707 389 4739 ¹*
407 4685 540 4775 Treviris]
560 4715 659 4764 Petrus
677 4715 785 4765 Schode
805 4716 834 4765 in
852 4715 914 4763 vico
932 4713 1044 4779 Bruttig
1063 4712 1097 4763 ad
1115 4711 1272 4775 Mosellam,
1292 4711 1392 4762 circuli
1409 4711 1579 4763 Kochemi'en·

300 4791 351 4921 sig,
370 4790 523 4866 dioeceseos
541 4797 729 4860 Trevirensis‚
753 4803 836 4848 notus
855 4799 920 4858 fuit,
945 4797 1017 4847 unde
1035 4797 1215 4862 Protogcusis
1234 4795 1439 4861 adpellobntur.
1507 4792 1529 4825 ¹⁷
1544 4790 1578 4843 Ol·

301 4888 318 4921 e
338 4877 394 4923 not.
406 4891 433 4939 p.
445 4874 505 4926 320.
518 4878 536 4930 i.
549 4879 569 4928 f.

749 5014 1146 5033 *-
