3917 5950
423 609 544 661 xxxvl.
562 617 585 660 2
598 625 662 660 ιω.
676 623 759 659 nost
772 622 928 658 neronem
941 621 1071 656 uenum.
1085 620 1122 656 sn
1135 622 1260 662 avarem
1273 622 1362 659 ester.
1377 623 1489 662 mm.
1536 597 1604 670 119

461 781 549 860 Saepe
569 780 744 841 rebellantes
765 780 847 839 toties
867 778 970 838 mense
990 776 1187 853 Sycambros,

394 902 433 944 ssa
530 883 586 944 list
605 883 711 942 iterum
732 886 821 956 atque
841 882 947 940 iterum
968 896 1063 940 caasa
1083 880 1180 954 fuisse
1200 883 1300 956 pium‚·

457 985 533 1057 ,Quis
548 984 669 1058 fudisse
689 987 770 1044 acies
793 983 946 1042 Gallorum
968 998 1050 1057 saepe
1071 983 1215 1056 superbas

532 1087 633 1146 Nescit
653 1091 682 1145 et
701 1087 814 1159 inqeati
832 1091 934 1157 straqe
955 1085 1072 1143 dedisse
1093 1080 1182 1143 aem?

461 1188 511 1247 Ad
527 1204 594 1249 mea
615 1188 779 1247 Pannoniae
800 1188 920 1247 tremuit
940 1185 1044 1245 domm
1061 1202 1148 1245 arma
1168 1186 1288 1262 fuitque

395 1310 432 1352 sss
531 1290 678 1350 Consulite
695 1288 795 1362 facies
815 1289 948 1349 omnibus
969 1304 1031 1346 una
1049 1286 1155 1360 suqoe,·

459 1393 500 1452 Et
519 1394 580 1452 atsi
598 1398 639 1451 tot
658 1393 777 1451 ramata
799 1390 893 1449 modis
915 1390 1051 1449 Fortuna
1066 1390 1187 1464 suisset,
1273 1408 1279 1424 ¹

533 1493 723 1554 contudimus
745 1508 870 1567 quanm
892 1506 945 1551 aas
963 1492 1071 1566 pudet,
1094 1493 1264 1578 Helvetios:·

458 1595 535 1668 llaec
555 1596 683 1655 ttanidos
697 1594 803 1667 qladio
820 1593 905 1665 fudit
926 1596 1034 1653 victore
1053 1593 1211 1655 Bobemos

394 1717 430 1758 res
529 1698 664 1772 Dextra,
687 1696 842 1769 Palatinas
858 1711 925 1755 crem
947 1688 1140 1770 sequerentur
1162 1706 1250 1779 opes;

458 1799 574 1872 Infidos
592 1799 698 1874 pepuli
712 1800 816 1872 patrio
838 1797 876 1856 de
897 1798 989 1856 limite
1013 1796 1143 1871 Parcas,

534 1899 605 1961 Oet
624 1900 724 1961 adbuc
744 1881 846 1975 aliqua
864 1917 939 1973 qens
960 1901 1104 1959 adeunda
1128 1917 1228 1962 manu.

459 2003 575 2063 Cuncta
594 2002 714 2075 referre
729 2005 827 2078 piqet,
850 2019 905 2062 aec
925 2004 1003 2061 enim
1025 2003 1121 2061 meris
1140 2008 1239 2064 omnia
1261 2008 1375 2066 cbartee

318 2113 320 2117 '
393 2124 430 2166 ist
529 2104 695 2165 &reaturo
717 2105 835 2164 modum
847 2106 966 2179 papiae
983 2103 1071 2174 ferre
1085 2112 1197 2178 potest:

458 2207 547 2268 Nune
563 2222 678 2281 quoque
699 2211 813 2280 quanta
835 2208 892 2264 tuis
910 2212 952 2264 tat
966 2210 1047 2264 retro
1069 2206 1241 2268 abeuntibus
1261 2212 1350 2269 annis

529 2308 685 2368 Ediderim
708 2308 822 2383 campis
839 2305 955 2379 faama
976 2323 1061 2367 nemo
1078 2314 1174 2381 rapat.

459 2411 538 2482 Quid
553 2413 661 2469 mnam
681 2413 710 2469 si
728 2410 872 2469 Fortunae
890 2411 1013 2491 cessisse
1029 2425 1196 2485 parumper

396 2528 430 2569 us
526 2511 661 2585 Differre
680 2518 710 2571 et
728 2518 842 2570 tantum
861 2513 889 2570 si
909 2512 1064 2571 videamur
1084 2508 1182 2586 opus?

461 2614 507 2674 Tu
527 2615 662 2688 quereris
680 2629 847 2688 causasque
866 2615 950 2672 times
972 2616 1111 2687 quesisse
1125 2618 1277 2685 morandi,

526 2717 568 2775 Et
587 2716 723 2791 spacium
740 2717 815 2774 iusto
836 2717 933 2774 maius
953 2715 1055 2774 abesse
1077 2716 1173 2789 doles,

457 2818 497 2879 Et
517 2821 595 2879 velut
614 2817 776 2876 admoneas
797 2819 910 2875 imitari
929 2820 1068 2892 exempla
1083 2824 1262 2893 parentam,

331 2999 333 3003 Ι
396 2937 431 2982 em
526 2918 692 2994 Seqaiciem
711 2919 880 2995 exprobras
900 2918 1103 2995 desidiamque
1125 2926 1225 2981 notas:

456 3024 565 3084 Itesine
587 3022 626 3080 ab
648 3024 792 3096 exemplis
809 3023 908 3081 metiri
921 3021 1011 3094 sacta
1033 3039 1088 3081 nec
1110 3024 1173 3082 istis

507 3122 654 3195 Conferre
674 3125 803 3197 antiquis
824 3130 958 3198 tempora
979 3129 1082 3183 nostra
1102 3127 1181 3184 velis.

458 3227 534 3297 (tuos
555 3231 586 3284 tu
605 3240 831 3298 commemoras,
850 3227 1036 3298 pentinorum
1057 3228 1200 3300 splendor
1223 3230 1380 3304 ottonum,

392 3346 428 3389 nu
523 3327 625 3401 Loaqe
646 3329 708 3386 alia
730 3333 828 3386 tantus
845 3327 1019 3386 condicione
1036 3326 1113 3400 suit.-

459 3429 542 3490 Tune
562 3445 657 3502 neque
677 3434 718 3488 tot
738 3429 870 3488 dominos
890 3429 996 3488 babuit
1016 3430 1179 3507 Germania
1199 3451 1298 3508 repes,

526 3530 661 3591 Necdum
681 3536 862 3606 contemptas
885 3501 1013 3590 Uasaris
1034 3534 1088 3591 iste
1105 3531 1180 3608 sicit,

455 3635 564 3693 Paruit
584 3635 724 3706 Auqustis
743 3635 840 3708 patrii
859 3634 1022 3692 concordia
1045 3638 1145 3708 requi,

381 3746 425 3791 zos
524 3734 677 3794 Constituit
693 3736 851 3810 propriam
873 3749 957 3793 nemo
975 3736 1032 3794 sibi
1052 3738 1226 3812 imperium·

453 3836 610 3911 Siquando
627 3837 762 3911 expediit
779 3838 909 3910 leqiones
930 3837 1040 3896 ducere
1061 3847 1090 3897 et
1111 3857 1236 3914 usquam

524 3937 641 3997 Martia
660 3939 692 3996 in
710 3938 809 3998 bostili
821 3954 934 4012 panae
954 3943 1150 4015 castratam,

452 4040 593 4100 Militiam
614 4054 699 4098 nemo
720 4045 780 4100 tam
801 4040 985 4099 detrectabat
1004 4040 1170 4114 borrestam,

364 4146 420 4193 ²1²
525 4141 686 4215 Gloriaque
706 4143 737 4200 ia
758 4143 865 4201 castris
887 4142 1016 4214 Coesaris·
1035 4160 1098 4203 esse
1113 4144 1192 4217 suit:

453 4243 542 4303 Nunc
562 4244 668 4313 confisi
686 4244 791 4317 apibus
812 4243 894 4302 nobis
917 4242 1089 4303 blandimur
1110 4255 1138 4304 et
1160 4251 1236 4308 inter

524 4344 648 4404 Summa
670 4347 831 4419 uoluptates
856 4346 952 4405 aioere
968 4348 1074 4405 militia
1095 4352 1151 4424 ist,

450 4448 492 4507 Et
511 4462 580 4523 nos,
602 4447 724 4521 quanda
742 4448 818 4505 adea
842 4446 945 4505 cesar
965 4449 1024 4507 sibi
1043 4452 1166 4523 quisque
1185 4453 1316 4524 uidetur,

357 4546 420 4602 ²¹⁸
525 4547 695 4624 Accipimus
709 4558 824 4626 praeta
843 4565 948 4609 nornen
971 4552 1062 4609 r'aaae
1080 4550 1172 4609 altit:

293 4645 504 4695 χ-
578 4673 582 4680 ,

324 4735 384 4782 ι’·
418 4764 577 4833 Symmhn]
596 4768 690 4835 Belqii.
755 4768 788 4802 ¹⁸⁶
810 4770 859 4820 Vis
883 4786 945 4819 mea
968 4770 1092 4820 bellaces
1117 4771 1243 4822 contudit
1259 4774 1293 4822 H.
1310 4777 1382 4824 3...5.
1449 4774 1481 4807 ¹⁸⁷
1498 4777 1600 4827 Hec2e

298 4813 510 4904 *maerim
522 4853 615 4903 2.4.5.
670 4852 878 4920 ¹⁹⁸spssium5.
932 4854 966 4890 ²⁰⁰
984 4856 1227 4923 Segnitiemi...5.
1285 4861 1318 4892 ²⁰³
1337 4862 1412 4923 Quas
1431 4866 1487 4910 tum
1501 4879 1524 4911 o.
1540 4865 1597 4912 (1.5.

302 4913 612 4989 ‘²⁰¹¹djaon02ue.
664 4938 695 4972 ²¹¹
714 4940 884 4991 detrectasti
896 4943 921 4989 2.
