3917 5950
351 577 424 655 322
462 566 532 645 c'm.
545 604 645 644 cocao.
658 603 695 642 uo
707 602 821 643 cincun.
834 603 877 641 rr.
909 585 995 641 CLII.
1009 603 1091 642 noer.
1105 605 1142 642 ao
1155 604 1278 644 norrun.
1291 605 1335 644 re.
1350 606 1378 644 o.
1387 596 1574 644 taruennae.

353 771 460 829 solutus
482 776 525 825 est
547 785 562 824 a
583 766 658 823 curia
680 765 722 821 sui
744 765 889 822 cardinalis
910 782 971 822 eum
994 764 1065 823 bona
1082 764 1154 823 illius
1176 767 1280 840 gratim
1302 766 1386 824 habet
1403 767 1494 824 adhue
1508 766 1541 823 ab
1554 783 1626 823 eoae-

297 859 342 909 t-l·
353 874 435 913 nuum
452 853 625 928 stipendium.
663 851 743 906 Putat
759 869 788 906 se
805 852 852 907 tibi
869 852 923 907 cito
939 868 970 906 ox
987 850 1134 925 llaruberga
1156 853 1332 926 scripturum.
1370 851 1511 926 Opuscula
1526 852 1626 907 llaremii

353 940 455 999 absolvi
479 938 601 1012 quidem,
624 936 743 991 noudum
768 943 856 992 tamen
880 936 1033 1000 transmisi;
1062 938 1089 991 in
1119 937 1200 993 boras
1222 945 1313 994 autem
1337 946 1509 1011 oportunum
1536 946 1627 1010 expecto

296 1033 342 1083 §.s
352 1026 479 1083 nuncium
501 1040 552 1097 per
573 1022 710 1095 hospitem
731 1020 961 1094 llobergeroruui.
1007 1021 1096 1077 ddieei
1119 1020 1263 1095 epistolam
1285 1022 1318 1079 ad
1341 1021 1501 1097 Philippum
1521 1021 1627 1077 Fursteu

353 1112 464 1184 berger,
489 1108 535 1182 qui
558 1123 701 1181 supremus
724 1113 766 1160 est
788 1105 831 1161 bic
854 1105 985 1178 uragister
1006 1105 1118 1169 civium,
1149 1107 1231 1163 bomo
1255 1107 1294 1163 tui
1317 1107 1537 1169 amantissimus,
1560 1106 1640 1161 literist

353 1212 463 1269 qrroque
486 1201 513 1249 et
536 1192 635 1247 Graecis
657 1199 685 1246 et
706 1190 809 1245 Latinis
832 1190 1006 1247 mediocriter
1027 1191 1164 1254 eruditus,
1189 1192 1212 1247 is
1234 1200 1309 1249 certe
1332 1193 1379 1265 qui
1402 1191 1506 1248 dudum
1529 1191 1627 1265 proluis

298 1288 342 1338 tt.
353 1276 605 1336 elucubrationibus
618 1274 823 1347 Norimbergnm
846 1276 965 1330 miserat.
1011 1274 1075 1331 Erat
1097 1293 1185 1350 nuper
1205 1276 1362 1339 uobiscum,
1386 1277 1415 1332 id
1438 1285 1481 1332 est
1503 1294 1562 1332 eum
1580 1275 1628 1330 llut·

353 1372 417 1421 teuo
441 1371 469 1419 et
483 1378 587 1418 meeum
611 1361 637 1415 iu
660 1376 735 1416 creua
758 1360 851 1416 decani
875 1359 901 1415 S.
917 1359 1115 1422 llartbolomei,
1139 1379 1165 1416 rn
1189 1378 1242 1435 qua
1262 1360 1417 1418 honorifica
1431 1362 1466 1416 de
1482 1370 1508 1416 te
1523 1361 1586 1417 laeta
1597 1368 1628 1415 est

353 1448 471 1511 mentio,
500 1454 528 1503 ot
551 1446 578 1501 in
601 1444 717 1519 epistola
740 1461 850 1518 quoque
872 1445 905 1500 ad
928 1462 989 1501 eum
1011 1445 1043 1500 de
1068 1453 1094 1500 te
1116 1446 1282 1503 mentionem
1305 1447 1373 1509 feei,
1396 1445 1450 1502 lide
1472 1445 1628 1502 fonteneio

353 1553 419 1596 rein,
435 1531 541 1589 meritis
555 1537 630 1587 certe
646 1530 700 1585 tuis
715 1529 798 1602 louge
814 1530 945 1584 minorem
949 1571 1627 1594 ..............................
1634 1537 1651 1578 u

352 1620 452 1675 lterum
474 1616 541 1672 vale.
565 1614 602 1670 En
617 1613 819 1670 Francklordia.
842 1621 867 1673 8.
884 1613 927 1670 die
943 1612 1091 1669 Februarii.
1116 1617 1193 1671 duno
1207 1614 1259 1671 llll.

373 1998 580 2037 STECKELBEBG.
945 1963 1062 2039 CLII·
1431 1990 1465 2031 13.
1478 1998 1555 2032 FRBB.
1570 1991 1616 2029 1510.

356 2053 604 2064 .-----
1414 2049 1629 2061 ——-
1655 2048 1658 2054 .

991 2103 1001 2159 1

708 2217 967 2279 HVLDElllCHVS
991 2219 1038 2279 DE
1061 2218 1213 2279 llV'l'TEN
1235 2217 1294 2288 EQ.

456 2324 657 2382 suuasunuo
680 2324 721 2380 bn
742 2323 921 2380 lltll'lINlldN
942 2324 1053 2392 novini
1075 2324 1150 2380 nvn.
1174 2324 1281 2380 Abl'lNl
1303 2324 1366 2380 SVO
1389 2324 1550 2381 SALVTEM.
1639 2338 1656 2378 u

303 2474 349 2522 ti.
444 2457 572 2518 Sollicite
595 2457 624 2515 iu
648 2455 777 2534 epistolis
799 2456 871 2522 tuis,
901 2453 1068 2518 dulcissime
1090 2457 1207 2526 adliuis,
1238 2456 1307 2536 quid
1336 2456 1467 2516 scribam
1495 2458 1551 2518 boc
1575 2465 1633 2516 teni·

358 2581 430 2641 pore
453 2569 539 2620 etan
563 2559 682 2616 omuino
704 2557 812 2635 aliquid
835 2558 975 2628 scribam,
999 2558 1190 2642 percontaris.
1236 2557 1331 2618 Studii
1353 2565 1398 2619 est
1420 2556 1493 2619 illud
1516 2560 1572 2626 tui;
1593 2558 1635 2618 boo

357 2664 429 2723 lacis
451 2668 557 2739 piretu
580 2677 708 2728 morem,
731 2659 786 2718 uisi
810 2676 938 2738 unqumu
961 2658 1098 2719 dubitasti
1120 2660 1202 2736 prius
1223 2658 1331 2737 aliquid
1352 2659 1488 2720 scribere
1504 2679 1552 2720 ine
1566 2660 1636 2719 etiarn

358 2766 386 2825 in
410 2761 475 2823 aula
497 2767 677 2827 versantem,
701 2760 893 2839 inquietudini
917 2769 946 2821 et
968 2759 1062 2821 turbis
1084 2759 1219 2820 obnoxia.
1265 2759 1316 2819 sed
1345 2777 1425 2820 nuere
1455 2762 1579 2821 sortasse
1604 2777 1637 2819 ar·

357 2863 477 2926 bitraris
498 2879 546 2922 me
568 2863 596 2920 iu
619 2863 675 2923 bae
697 2861 815 2940 specula
838 2881 969 2932 cessare,
1000 2862 1051 2921 ubi
1079 2858 1123 2920 vel
1150 2862 1277 2921 maxime
1305 2860 1472 2922 solitudinis
1501 2864 1664 2922 occasiones

304 2980 447 3046 §.t-agere
470 2962 578 3042 aliquid
601 2964 769 3026 huiusmodi
792 2964 935 3024 coumuit.
980 2963 1073 3024 lluius
1095 2963 1138 3023 rei
1161 2971 1367 3042 argumentum
1389 2963 1484 3026 habos
1499 2963 1642 3025 Vadiscun

359 3070 522 3149 dialogum,
552 3085 640 3145 quem
667 3085 734 3126 oum
762 3064 825 3125 aliis
854 3067 970 3144 peperit
997 3065 1067 3124 mibi
1097 3065 1180 3142 quies
1202 3064 1265 3125 bae
1287 3072 1375 3144 atque
1397 3066 1427 3126 bi
1457 3074 1584 3128 montes.
1623 3063 1643 3124 ls

359 3176 382 3234 si
404 3170 545 3251 placebit,
577 3167 730 3228 consdiuiu
754 3186 871 3247 otioque
894 3186 993 3227 meum
1015 3165 1172 3226 secedendi
1194 3168 1336 3244 tantisper
1358 3166 1396 3227 ab
1419 3167 1486 3238 aula
1514 3187 1575 3227 uon
1601 3169 1644 3227 im

359 3273 508 3352 probabis.
553 3269 627 3331 Nolo
651 3268 857 3329 commendare
878 3268 931 3328 tibi
953 3267 1062 3328 librum
1086 3272 1118 3327 ut
1132 3266 1259 3338 bouum,
1283 3286 1351 3328 euru
1366 3288 1415 3329 res
1431 3288 1490 3348 qua
1506 3270 1544 3330 de
1559 3268 1660 3329 seribo'

359 3376 484 3452 pessima
508 3375 559 3441 sit:
594 3380 626 3432 ut
647 3370 773 3432 liberum
797 3377 826 3428 et
848 3387 947 3429 verum
978 3371 1100 3428 tortasse
1130 3366 1209 3437 volo;
1245 3388 1303 3448 quo
1331 3373 1452 3432 nomine
1479 3370 1525 3432 rel
1554 3371 1673 3450 gratis-o

303 3477 451 3536 §.asinus
474 3493 538 3534 esso
560 3473 613 3533 tibi
636 3472 737 3540 debet;
761 3471 823 3549 ipse
845 3469 962 3548 quidem
986 3471 1071 3540 mibi,
1096 3472 1120 3530 si
1142 3488 1282 3549 usquam,
1298 3472 1329 3531 in
1344 3472 1402 3532 boc
1419 3472 1538 3551 placeo:
1562 3474 1646 3533 vincta

361 3583 424 3636 erat
445 3574 565 3635 libertas
588 3581 687 3633 nostra
711 3579 740 3632 ot
761 3572 916 3650 pontida-iis
938 3571 1076 3649 impedita
1099 3571 1224 3649 laqueis,
1254 3571 1350 3642 solro;
1380 3571 1520 3634 exulabat
1543 3577 1647 3641 veritas,

361 3676 488 3753 relegata
512 3673 586 3734 ultra
610 3675 800 3734 Garnniautas
824 3681 853 3733 et
874 3671 976 3741 ludos,
1000 3673 1119 3733 reduco.
1164 3672 1243 3732 Talis
1264 3692 1299 3733 ac
1321 3676 1393 3734 tanti
1408 3677 1560 3735 daeiuoris
1586 3674 1648 3736 mibi

361 3778 496 3838 conscius
518 3794 576 3836 nou
600 3775 714 3834 adfecto
737 3774 886 3852 publicum
910 3775 1077 3853 praemium:
1105 3773 1178 3835 illud
1207 3781 1293 3852 peto,
1321 3776 1413 3854 siquis
1442 3796 1490 3838 rue
1519 3778 1578 3836 boo
1603 3778 1647 3836 iru-

361 3878 551 3959 pugnandum
573 3876 691 3936 nomine
714 3876 843 3943 duxerit,
873 3882 906 3936 ut
933 3894 1065 3936 caussam
1087 3893 1183 3938 meam
1211 3875 1425 3937 defendendam
1455 3876 1526 3938 boni
1555 3894 1671 3938 onum

362 3981 535 4058 suscipiant:
558 3978 620 4037 baec
643 3975 752 4037 laboris
774 3978 861 4039 huius
883 3996 997 4038 merces
1025 3985 1096 4038 esto.
1141 3977 1222 4039 Beue
1249 3976 1320 4038 vale.
1366 3979 1409 4039 En
1433 3976 1647 4059 propugnaculo

362 4084 518 4155 Huttenico
541 4078 741 4157 Steckelberg.
785 4079 857 4140 ldib.
881 4080 1058 4141 Februariis.
1087 4151 1089 4156 y

363 4273 447 4323 CLII.
461 4271 484 4320 l.
520 4269 570 4318 AB
583 4287 619 4312 =
630 4267 718 4317 Indic.
732 4266 861 4332 bibliogr.
875 4282 900 4315 n.
914 4267 1012 4316 XXVI.
1024 4266 1076 4316 l.2.
1157 4264 1174 4316 3
1185 4284 1220 4310 =
1231 4264 1403 4315 Burekhard.
1419 4267 1456 4317 11.
1470 4284 1498 4333 p.
1509 4266 1547 4317 12.
1561 4273 1615 4318 not.
1626 4264 1645 4314 d.

363 4359 379 4406 d
391 4378 426 4402 =
437 4355 511 4424 με.
524 4355 631 4420 Eyring
642 4353 709 4402 Vita
722 4351 785 4402 Seb.
799 4351 833 4401 de
846 4351 1001 4402 Roteuhan.
1021 4350 1104 4400 lenae.
1121 4348 1194 4400 liae.
1213 4350 1249 4399 4⁰.
1268 4367 1294 4415 p.
1304 4347 1343 4398 18.
1351 4365 1391 4415 sq.
1462 4352 1480 4401 5
1491 4371 1528 4395 .-.
1539 4353 1645 4417 ngeu·

663 4436 724 4487 seil.
744 4435 837 4501 pana.
905 4436 967 4485 6:
979 4436 1058 4484 Hutt.
1072 4435 1183 4485 Miineb.
1197 4435 1248 4484 111.
1262 4450 1289 4498 p.
1298 4431 1357 4482 340.

432 4574 533 4641 ⁵supr.
546 4593 618 4642 mag.
634 4573 698 4640 cim]
717 4581 802 4624 cester
816 4573 1031 4637 Burpermer'ster.
1095 4571 1154 4621 siu
1171 4588 1235 4622 oena
1249 4574 1273 4621 1.
1379 4578 1384 4588 ·

434 4655 454 4689 ¹⁴
475 4660 558 4709 laser.
578 4668 647 4710 omia.
669 4664 738 4723 M,
755 4665 857 4725 partem
874 4661 944 4708 oreb.
964 4661 990 4706 5.
1002 4659 1026 4706 6.
1108 4655 1276 4721 1lumqnum
1296 4658 1354 4706 3.5.
1363 4659 1389 4706 6.
1465 4655 1489 4689 ²⁰
1506 4653 1646 4708 solicitudi-

366 4740 410 4788 nis
429 4743 454 4788 4.
506 4740 528 4772 ²⁸
547 4758 627 4807 quum
647 4747 721 4794 M.
775 4742 798 4775 ²⁷
815 4742 970 4793 Exsulabot
990 4745 1014 4792 3.
1023 4744 1048 4790 4.
1057 4742 1081 4790 6.
1134 4738 1156 4774 ²⁸
1175 4741 1360 4792 Garamantes
1378 4742 1412 4791 B.
1466 4741 1490 4774 ³⁰
1508 4740 1644 4802 causanti·

367 4820 389 4853 ³²
407 4819 620 4891 Steekelbergk.
642 4831 667 4876 3.
676 4832 701 4879 5.
711 4832 735 4879 6.
805 4829 941 4879 M.D.XX.
960 4829 1049 4878 addid.
1063 4828 1121 4874 M.
