<?xml version="1.0" encoding="UTF-8"?>
<!DOCTYPE html PUBLIC "-//W3C//DTD XHTML 1.0 Transitional//EN"
    "http://www.w3.org/TR/xhtml1/DTD/xhtml1-transitional.dtd">
<html xmlns="http://www.w3.org/1999/xhtml" xml:lang="en" lang="en">
 <head>
  <title>
</title>
<meta http-equiv="Content-Type" content="text/html;charset=utf-8" />
  <meta name='ocr-system' content='tesseract 3.04.00' />
  <meta name='ocr-capabilities' content='ocr_page ocr_carea ocr_par ocr_line ocrx_word'/>
</head>
<body>
  <div class='ocr_page' id='page_1' title='image "./ulrichihuttenie07huttgoog_0466.png"; bbox 0 0 3917 5950; ppageno 0'>
   <div class='ocr_carea' id='block_1_1' title="bbox 366 636 1504 783">
    <p class='ocr_par' dir='ltr' id='par_1_1' title="bbox 366 636 1504 783">
     <span class='ocr_line' id='line_1_1' title="bbox 366 636 1504 710; baseline -0.006 0"><span class='ocrx_word' id='word_1_1' title='bbox 366 636 439 710; x_wconf 77' lang='lat' dir='ltr'>3le</span> <span class='ocrx_word' id='word_1_2' title='bbox 514 649 596 702; x_wconf 81' lang='lat' dir='ltr'>CLX.</span> <span class='ocrx_word' id='word_1_3' title='bbox 614 663 697 701; x_wconf 75' lang='lat' dir='ltr'>esoni</span> <span class='ocrx_word' id='word_1_4' title='bbox 711 663 828 702; x_wconf 75' lang='lat' dir='ltr'>sverans</span> <span class='ocrx_word' id='word_1_5' title='bbox 840 665 878 701; x_wconf 75' lang='lat' dir='ltr'>no</span> <span class='ocrx_word' id='word_1_6' title='bbox 891 663 1040 703; x_wconf 68' lang='lat' dir='ltr'>murrinis</span> <span class='ocrx_word' id='word_1_7' title='bbox 1051 662 1298 703; x_wconf 72' lang='lat' dir='ltr'>uermerium.</span> <span class='ocrx_word' id='word_1_8' title='bbox 1311 659 1347 703; x_wconf 74' lang='lat'>28.</span> <span class='ocrx_word' id='word_1_9' title='bbox 1361 666 1425 702; x_wconf 80' lang='lat' dir='ltr'>aes.</span> <span class='ocrx_word' id='word_1_10' title='bbox 1440 657 1504 703; x_wconf 72' lang='lat' dir='ltr'>rtet.</span> 
     </span>
     <span class='ocr_line' id='line_1_2' title="bbox 1372 755 1390 783; baseline 0 0"><span class='ocrx_word' id='word_1_11' title='bbox 1372 755 1390 783; x_wconf 65' lang='grc' dir='ltr'><strong>θ</strong></span> 
     </span>
    </p>
   </div>
   <div class='ocr_carea' id='block_1_2' title="bbox 294 821 1690 4110">
    <p class='ocr_par' dir='ltr' id='par_1_2' title="bbox 294 821 1690 4110">
     <span class='ocr_line' id='line_1_3' title="bbox 294 821 1656 907; baseline -0.002 -24"><span class='ocrx_word' id='word_1_12' title='bbox 294 837 342 897; x_wconf 80' lang='lat' dir='ltr'>set.</span> <span class='ocrx_word' id='word_1_13' title='bbox 360 821 436 907; x_wconf 58' lang='lat' dir='ltr'>thul</span> <span class='ocrx_word' id='word_1_14' title='bbox 459 827 531 881; x_wconf 91' lang='lat' dir='ltr'>inter</span> <span class='ocrx_word' id='word_1_15' title='bbox 554 824 662 881; x_wconf 79' lang='lat' dir='ltr'>lethalia</span> <span class='ocrx_word' id='word_1_16' title='bbox 684 834 712 880; x_wconf 92' lang='lat' dir='ltr'>et</span> <span class='ocrx_word' id='word_1_17' title='bbox 735 824 876 899; x_wconf 77' lang='lat' dir='ltr'>placabilia</span> <span class='ocrx_word' id='word_1_18' title='bbox 893 842 948 881; x_wconf 92' lang='lat' dir='ltr'>non</span> <span class='ocrx_word' id='word_1_19' title='bbox 965 834 1081 886; x_wconf 88' lang='lat' dir='ltr'>constat,</span> <span class='ocrx_word' id='word_1_20' title='bbox 1100 824 1217 882; x_wconf 82' lang='lat' dir='ltr'>sufficiat</span> <span class='ocrx_word' id='word_1_21' title='bbox 1234 828 1351 900; x_wconf 82' lang='lat' dir='ltr'><strong>gemitus</strong></span> <span class='ocrx_word' id='word_1_22' title='bbox 1369 846 1432 884; x_wconf 92' lang='lat' dir='ltr'>cum</span> <span class='ocrx_word' id='word_1_23' title='bbox 1452 827 1592 883; x_wconf 76' lang='lat' dir='ltr'>lachrimis</span> <span class='ocrx_word' id='word_1_24' title='bbox 1613 825 1656 881; x_wconf 78' lang='lat' dir='ltr'>‘Ab</span> 
     </span>
     <span class='ocr_line' id='line_1_4' title="bbox 363 909 1656 971; baseline -0.002 -2"><span class='ocrx_word' id='word_1_25' title='bbox 363 911 477 968; x_wconf 89' lang='lat' dir='ltr'>occultis</span> <span class='ocrx_word' id='word_1_26' title='bbox 498 912 565 966; x_wconf 90' lang='lat' dir='ltr'>meis</span> <span class='ocrx_word' id='word_1_27' title='bbox 586 910 684 965; x_wconf 89' lang='lat' dir='ltr'>munda</span> <span class='ocrx_word' id='word_1_28' title='bbox 706 927 761 969; x_wconf 89' lang='lat' dir='ltr'>me,</span> <span class='ocrx_word' id='word_1_29' title='bbox 785 911 910 966; x_wconf 85' lang='lat' dir='ltr'>doroine&#39;.</span> <span class='ocrx_word' id='word_1_30' title='bbox 955 910 996 964; x_wconf 88' lang='lat' dir='ltr'>Sit</span> <span class='ocrx_word' id='word_1_31' title='bbox 1020 927 1085 966; x_wconf 86' lang='lat' dir='ltr'>sane</span> <span class='ocrx_word' id='word_1_32' title='bbox 1111 911 1154 966; x_wconf 90' lang='lat' dir='ltr'>cui</span> <span class='ocrx_word' id='word_1_33' title='bbox 1178 910 1245 967; x_wconf 93' lang='lat' dir='ltr'>libet</span> <span class='ocrx_word' id='word_1_34' title='bbox 1272 909 1398 969; x_wconf 80' lang='lat' dir='ltr'>ereatura</span> <span class='ocrx_word' id='word_1_35' title='bbox 1420 912 1579 971; x_wconf 84' lang='lat' dir='ltr'>Pontilicis.</span> <span class='ocrx_word' id='word_1_36' title='bbox 1602 928 1656 966; x_wconf 77' lang='lat' dir='ltr'>sera</span> 
     </span>
     <span class='ocr_line' id='line_1_5' title="bbox 363 994 1657 1071; baseline 0 -20"><span class='ocrx_word' id='word_1_37' title='bbox 363 997 460 1071; x_wconf 87' lang='lat' dir='ltr'>religio</span> <span class='ocrx_word' id='word_1_38' title='bbox 482 1014 564 1051; x_wconf 89' lang='lat' dir='ltr'>unum</span> <span class='ocrx_word' id='word_1_39' title='bbox 586 995 661 1050; x_wconf 89' lang='lat' dir='ltr'>novit</span> <span class='ocrx_word' id='word_1_40' title='bbox 677 995 860 1058; x_wconf 88' lang='lat' dir='ltr'>conditorem;</span> <span class='ocrx_word' id='word_1_41' title='bbox 889 995 998 1051; x_wconf 82' lang='lat' dir='ltr'>trahant</span> <span class='ocrx_word' id='word_1_42' title='bbox 1018 1011 1101 1051; x_wconf 70' lang='lat' dir='ltr'>sacrae</span> <span class='ocrx_word' id='word_1_43' title='bbox 1124 994 1210 1050; x_wconf 74' lang='lat' dir='ltr'>literae</span> <span class='ocrx_word' id='word_1_44' title='bbox 1236 1014 1314 1052; x_wconf 88' lang='lat' dir='ltr'>suum</span> <span class='ocrx_word' id='word_1_45' title='bbox 1338 997 1424 1053; x_wconf 90' lang='lat' dir='ltr'>robur</span> <span class='ocrx_word' id='word_1_46' title='bbox 1448 1006 1563 1052; x_wconf 89' lang='lat' dir='ltr'>anctore</span> <span class='ocrx_word' id='word_1_47' title='bbox 1581 994 1657 1051; x_wconf 80' lang='lat' dir='ltr'>Sthe·</span> 
     </span>
     <span class='ocr_line' id='line_1_6' title="bbox 363 1078 1658 1153; baseline -0.002 -15"><span class='ocrx_word' id='word_1_48' title='bbox 363 1093 421 1138; x_wconf 91' lang='lat' dir='ltr'>stro</span> <span class='ocrx_word' id='word_1_49' title='bbox 449 1090 496 1136; x_wconf 93' lang='lat' dir='ltr'>tuo</span> <span class='ocrx_word' id='word_1_50' title='bbox 524 1081 557 1136; x_wconf 84' lang='lat' dir='ltr'>ali</span> <span class='ocrx_word' id='word_1_51' title='bbox 583 1078 696 1136; x_wconf 89' lang='lat' dir='ltr'>eeclesia</span> <span class='ocrx_word' id='word_1_52' title='bbox 721 1081 954 1153; x_wconf 74' lang='lat' dir='ltr'>representation,</span> <span class='ocrx_word' id='word_1_53' title='bbox 982 1080 1157 1153; x_wconf 80' lang='lat' dir='ltr'>permittatur</span> <span class='ocrx_word' id='word_1_54' title='bbox 1180 1081 1315 1137; x_wconf 67' lang='lat' dir='ltr'>haereticis</span> <span class='ocrx_word' id='word_1_55' title='bbox 1334 1081 1427 1137; x_wconf 89' lang='lat' dir='ltr'>lumen</span> <span class='ocrx_word' id='word_1_56' title='bbox 1448 1081 1534 1138; x_wconf 85' lang='lat' dir='ltr'>corde</span> <span class='ocrx_word' id='word_1_57' title='bbox 1554 1098 1658 1136; x_wconf 86' lang='lat' dir='ltr'>sursum</span> 
     </span>
     <span class='ocr_line' id='line_1_7' title="bbox 364 1163 1676 1239; baseline -0.004 -16"><span class='ocrx_word' id='word_1_58' title='bbox 364 1168 469 1223; x_wconf 86' lang='lat' dir='ltr'>elevato</span> <span class='ocrx_word' id='word_1_59' title='bbox 489 1165 593 1239; x_wconf 90' lang='lat' dir='ltr'>precari</span> <span class='ocrx_word' id='word_1_60' title='bbox 616 1163 735 1224; x_wconf 85' lang='lat' dir='ltr'>‘Revela,</span> <span class='ocrx_word' id='word_1_61' title='bbox 757 1164 879 1224; x_wconf 90' lang='lat' dir='ltr'>domine,</span> <span class='ocrx_word' id='word_1_62' title='bbox 900 1163 994 1220; x_wconf 91' lang='lat' dir='ltr'>oeulos</span> <span class='ocrx_word' id='word_1_63' title='bbox 1016 1182 1090 1220; x_wconf 89' lang='lat' dir='ltr'>meos</span> <span class='ocrx_word' id='word_1_64' title='bbox 1118 1173 1145 1219; x_wconf 92' lang='lat' dir='ltr'>et</span> <span class='ocrx_word' id='word_1_65' title='bbox 1171 1165 1348 1222; x_wconf 82' lang='lat' dir='ltr'>considerabo</span> <span class='ocrx_word' id='word_1_66' title='bbox 1375 1165 1511 1222; x_wconf 84' lang='lat' dir='ltr'>mirabilia</span> <span class='ocrx_word' id='word_1_67' title='bbox 1540 1165 1576 1220; x_wconf 92' lang='lat' dir='ltr'>de</span> <span class='ocrx_word' id='word_1_68' title='bbox 1603 1164 1676 1237; x_wconf 80' lang='lat' dir='ltr'>leges</span> 
     </span>
     <span class='ocr_line' id='line_1_8' title="bbox 296 1249 1661 1324; baseline -0.005 -12"><span class='ocrx_word' id='word_1_69' title='bbox 296 1272 353 1322; x_wconf 76' lang='lat' dir='ltr'>§.aa</span> <span class='ocrx_word' id='word_1_70' title='bbox 366 1253 433 1314; x_wconf 89' lang='lat' dir='ltr'>tua&#39;;</span> <span class='ocrx_word' id='word_1_71' title='bbox 462 1250 581 1306; x_wconf 78' lang='lat' dir='ltr'>‘lucerna</span> <span class='ocrx_word' id='word_1_72' title='bbox 604 1249 718 1324; x_wconf 90' lang='lat' dir='ltr'>pedibus</span> <span class='ocrx_word' id='word_1_73' title='bbox 740 1249 807 1304; x_wconf 91' lang='lat' dir='ltr'>meis</span> <span class='ocrx_word' id='word_1_74' title='bbox 829 1249 938 1303; x_wconf 80' lang='lat' dir='ltr'>verbum</span> <span class='ocrx_word' id='word_1_75' title='bbox 961 1258 1043 1305; x_wconf 86' lang='lat' dir='ltr'>tuurn</span> <span class='ocrx_word' id='word_1_76' title='bbox 1059 1249 1192 1305; x_wconf 90' lang='lat' dir='ltr'>etlumen</span> <span class='ocrx_word' id='word_1_77' title='bbox 1208 1251 1312 1306; x_wconf 89' lang='lat' dir='ltr'>semitis</span> <span class='ocrx_word' id='word_1_78' title='bbox 1330 1252 1414 1307; x_wconf 90' lang='lat' dir='ltr'>meis&#39;.</span> <span class='ocrx_word' id='word_1_79' title='bbox 1449 1251 1537 1306; x_wconf 91' lang='lat' dir='ltr'>Iluius</span> <span class='ocrx_word' id='word_1_80' title='bbox 1556 1249 1661 1305; x_wconf 87' lang='lat' dir='ltr'>luminis</span> 
     </span>
     <span class='ocr_line' id='line_1_9' title="bbox 364 1333 1660 1409; baseline -0.003 -16"><span class='ocrx_word' id='word_1_81' title='bbox 364 1335 465 1393; x_wconf 80' lang='lat' dir='ltr'>‹leserti</span> <span class='ocrx_word' id='word_1_82' title='bbox 481 1344 509 1390; x_wconf 92' lang='lat' dir='ltr'>et</span> <span class='ocrx_word' id='word_1_83' title='bbox 528 1336 579 1390; x_wconf 91' lang='lat' dir='ltr'>iam</span> <span class='ocrx_word' id='word_1_84' title='bbox 597 1334 701 1407; x_wconf 92' lang='lat' dir='ltr'>pridem</span> <span class='ocrx_word' id='word_1_85' title='bbox 719 1333 805 1388; x_wconf 78' lang='lat' dir='ltr'>relicti</span> <span class='ocrx_word' id='word_1_86' title='bbox 825 1334 1028 1407; x_wconf 71' lang='lat' dir='ltr'>patrocinium·</span> <span class='ocrx_word' id='word_1_87' title='bbox 1040 1342 1070 1389; x_wconf 91' lang='lat' dir='ltr'>ut</span> <span class='ocrx_word' id='word_1_88' title='bbox 1087 1334 1169 1397; x_wconf 87' lang='lat' dir='ltr'>lacis,</span> <span class='ocrx_word' id='word_1_89' title='bbox 1188 1335 1308 1409; x_wconf 88' lang='lat' dir='ltr'>suscipe.</span> <span class='ocrx_word' id='word_1_90' title='bbox 1324 1336 1453 1397; x_wconf 87' lang='lat' dir='ltr'>llartine,</span> <span class='ocrx_word' id='word_1_91' title='bbox 1471 1334 1660 1407; x_wconf 79' lang='lat' dir='ltr'>theologorum</span> 
     </span>
     <span class='ocr_line' id='line_1_10' title="bbox 365 1418 1661 1494; baseline -0.002 -17"><span class='ocrx_word' id='word_1_92' title='bbox 365 1420 554 1494; x_wconf 87' lang='lat' dir='ltr'>integerrime.</span> <span class='ocrx_word' id='word_1_93' title='bbox 583 1426 610 1473; x_wconf 91' lang='lat' dir='ltr'>et</span> <span class='ocrx_word' id='word_1_94' title='bbox 631 1418 731 1473; x_wconf 91' lang='lat' dir='ltr'>virtute</span> <span class='ocrx_word' id='word_1_95' title='bbox 753 1436 833 1491; x_wconf 86' lang='lat' dir='ltr'>quarn</span> <span class='ocrx_word' id='word_1_96' title='bbox 856 1419 882 1472; x_wconf 93' lang='lat' dir='ltr'>in</span> <span class='ocrx_word' id='word_1_97' title='bbox 906 1427 931 1473; x_wconf 91' lang='lat' dir='ltr'>te</span> <span class='ocrx_word' id='word_1_98' title='bbox 952 1418 1079 1481; x_wconf 90' lang='lat' dir='ltr'>colimus,</span> <span class='ocrx_word' id='word_1_99' title='bbox 1109 1420 1222 1475; x_wconf 89' lang='lat' dir='ltr'>ostende</span> <span class='ocrx_word' id='word_1_100' title='bbox 1245 1420 1308 1494; x_wconf 91' lang='lat' dir='ltr'>quid</span> <span class='ocrx_word' id='word_1_101' title='bbox 1331 1421 1441 1475; x_wconf 87' lang='lat' dir='ltr'>intersit</span> <span class='ocrx_word' id='word_1_102' title='bbox 1462 1421 1537 1475; x_wconf 90' lang='lat' dir='ltr'>inter</span> <span class='ocrx_word' id='word_1_103' title='bbox 1559 1428 1661 1474; x_wconf 89' lang='lat' dir='ltr'>creatu·</span> 
     </span>
     <span class='ocr_line' id='line_1_11' title="bbox 366 1503 1661 1579; baseline -0.002 -18"><span class='ocrx_word' id='word_1_104' title='bbox 366 1525 423 1562; x_wconf 89' lang='lat' dir='ltr'>ram</span> <span class='ocrx_word' id='word_1_105' title='bbox 446 1504 581 1579; x_wconf 85' lang='lat' dir='ltr'>poutiheis</span> <span class='ocrx_word' id='word_1_106' title='bbox 601 1512 629 1557; x_wconf 90' lang='lat' dir='ltr'>et</span> <span class='ocrx_word' id='word_1_107' title='bbox 650 1503 702 1558; x_wconf 87' lang='lat' dir='ltr'>dei.</span> <span class='ocrx_word' id='word_1_108' title='bbox 746 1503 896 1562; x_wconf 76' lang='lat' dir='ltr'>tntrutmit</span> <span class='ocrx_word' id='word_1_109' title='bbox 918 1512 945 1559; x_wconf 93' lang='lat' dir='ltr'>te</span> <span class='ocrx_word' id='word_1_110' title='bbox 970 1520 1017 1558; x_wconf 78' lang='lat' dir='ltr'>ren</span> <span class='ocrx_word' id='word_1_111' title='bbox 1042 1503 1069 1557; x_wconf 94' lang='lat' dir='ltr'>in</span> <span class='ocrx_word' id='word_1_112' title='bbox 1095 1503 1248 1560; x_wconf 86' lang='lat' dir='ltr'>cubiculum</span> <span class='ocrx_word' id='word_1_113' title='bbox 1276 1523 1354 1560; x_wconf 88' lang='lat' dir='ltr'>snum</span> <span class='ocrx_word' id='word_1_114' title='bbox 1380 1514 1409 1560; x_wconf 92' lang='lat' dir='ltr'>et</span> <span class='ocrx_word' id='word_1_115' title='bbox 1435 1506 1512 1561; x_wconf 83' lang='lat' dir='ltr'>dedit</span> <span class='ocrx_word' id='word_1_116' title='bbox 1538 1503 1589 1559; x_wconf 91' lang='lat' dir='ltr'>tibi</span> <span class='ocrx_word' id='word_1_117' title='bbox 1614 1503 1661 1558; x_wconf 91' lang='lat' dir='ltr'>lin·</span> 
     </span>
     <span class='ocr_line' id='line_1_12' title="bbox 297 1587 1689 1665; baseline -0.004 -18"><span class='ocrx_word' id='word_1_118' title='bbox 297 1609 446 1665; x_wconf 51' lang='lat' dir='ltr'>§.aguam</span> <span class='ocrx_word' id='word_1_119' title='bbox 465 1589 612 1650; x_wconf 86' lang='lat' dir='ltr'>eruditam,</span> <span class='ocrx_word' id='word_1_120' title='bbox 635 1595 665 1642; x_wconf 91' lang='lat' dir='ltr'>ut</span> <span class='ocrx_word' id='word_1_121' title='bbox 689 1587 758 1642; x_wconf 92' lang='lat' dir='ltr'>scias</span> <span class='ocrx_word' id='word_1_122' title='bbox 778 1587 925 1660; x_wconf 90' lang='lat' dir='ltr'>reprobare</span> <span class='ocrx_word' id='word_1_123' title='bbox 950 1587 1049 1643; x_wconf 89' lang='lat' dir='ltr'>malum</span> <span class='ocrx_word' id='word_1_124' title='bbox 1071 1598 1099 1645; x_wconf 92' lang='lat' dir='ltr'>et</span> <span class='ocrx_word' id='word_1_125' title='bbox 1125 1588 1227 1661; x_wconf 88' lang='lat' dir='ltr'>eligere</span> <span class='ocrx_word' id='word_1_126' title='bbox 1246 1589 1355 1645; x_wconf 88' lang='lat' dir='ltr'>bonum.</span> <span class='ocrx_word' id='word_1_127' title='bbox 1399 1590 1537 1662; x_wconf 84' lang='lat' dir='ltr'>Cognitus</span> <span class='ocrx_word' id='word_1_128' title='bbox 1555 1588 1689 1662; x_wconf 76' lang='lat' dir='ltr'>quidemst</span> 
     </span>
     <span class='ocr_line' id='line_1_13' title="bbox 365 1672 1661 1748; baseline -0.003 -17"><span class='ocrx_word' id='word_1_129' title='bbox 365 1676 430 1732; x_wconf 82' lang='lat' dir='ltr'>mitt</span> <span class='ocrx_word' id='word_1_130' title='bbox 457 1693 501 1736; x_wconf 84' lang='lat' dir='ltr'>es,</span> <span class='ocrx_word' id='word_1_131' title='bbox 533 1674 580 1729; x_wconf 89' lang='lat' dir='ltr'>sed</span> <span class='ocrx_word' id='word_1_132' title='bbox 604 1672 738 1746; x_wconf 87' lang='lat' dir='ltr'>quottidie</span> <span class='ocrx_word' id='word_1_133' title='bbox 761 1672 847 1744; x_wconf 88' lang='lat' dir='ltr'>magis</span> <span class='ocrx_word' id='word_1_134' title='bbox 871 1673 1013 1747; x_wconf 79' lang='lat' dir='ltr'>magisque</span> <span class='ocrx_word' id='word_1_135' title='bbox 1044 1691 1172 1747; x_wconf 89' lang='lat' dir='ltr'>appares:</span> <span class='ocrx_word' id='word_1_136' title='bbox 1205 1683 1268 1748; x_wconf 93' lang='lat' dir='ltr'>post</span> <span class='ocrx_word' id='word_1_137' title='bbox 1292 1674 1384 1730; x_wconf 88' lang='lat' dir='ltr'>nubila</span> <span class='ocrx_word' id='word_1_138' title='bbox 1405 1673 1567 1731; x_wconf 84' lang='lat' dir='ltr'>sentimenti</span> <span class='ocrx_word' id='word_1_139' title='bbox 1588 1681 1661 1728; x_wconf 88' lang='lat' dir='ltr'>ortus</span> 
     </span>
     <span class='ocr_line' id='line_1_14' title="bbox 364 1757 1660 1831; baseline -0.005 -14"><span class='ocrx_word' id='word_1_140' title='bbox 364 1761 444 1817; x_wconf 92' lang='lat' dir='ltr'>nobis</span> <span class='ocrx_word' id='word_1_141' title='bbox 463 1768 505 1814; x_wconf 91' lang='lat' dir='ltr'>est</span> <span class='ocrx_word' id='word_1_142' title='bbox 527 1757 583 1819; x_wconf 87' lang='lat' dir='ltr'>sol,</span> <span class='ocrx_word' id='word_1_143' title='bbox 606 1758 720 1812; x_wconf 88' lang='lat' dir='ltr'>vidimus</span> <span class='ocrx_word' id='word_1_144' title='bbox 737 1775 789 1831; x_wconf 91' lang='lat' dir='ltr'>qna</span> <span class='ocrx_word' id='word_1_145' title='bbox 808 1765 880 1819; x_wconf 88' lang='lat' dir='ltr'>arte,</span> <span class='ocrx_word' id='word_1_146' title='bbox 900 1775 953 1830; x_wconf 91' lang='lat' dir='ltr'>qna</span> <span class='ocrx_word' id='word_1_147' title='bbox 971 1757 1103 1814; x_wconf 89' lang='lat' dir='ltr'>industria</span> <span class='ocrx_word' id='word_1_148' title='bbox 1123 1759 1248 1815; x_wconf 82' lang='lat' dir='ltr'>confutes</span> <span class='ocrx_word' id='word_1_149' title='bbox 1264 1759 1468 1816; x_wconf 88' lang='lat' dir='ltr'>damnacionem</span> <span class='ocrx_word' id='word_1_150' title='bbox 1484 1758 1660 1815; x_wconf 84' lang='lat' dir='ltr'>doctrinalem</span> 
     </span>
     <span class='ocr_line' id='line_1_15' title="bbox 365 1841 1661 1915; baseline -0.004 -14"><span class='ocrx_word' id='word_1_151' title='bbox 365 1856 393 1901; x_wconf 93' lang='lat' dir='ltr'>et</span> <span class='ocrx_word' id='word_1_152' title='bbox 420 1843 687 1914; x_wconf 82' lang='lat' dir='ltr'>lutherourastigas;</span> <span class='ocrx_word' id='word_1_153' title='bbox 721 1841 885 1896; x_wconf 91' lang='lat' dir='ltr'>admiramur</span> <span class='ocrx_word' id='word_1_154' title='bbox 912 1842 1110 1905; x_wconf 88' lang='lat' dir='ltr'>erudicionem.</span> <span class='ocrx_word' id='word_1_155' title='bbox 1145 1843 1283 1915; x_wconf 80' lang='lat' dir='ltr'>ingenium</span> <span class='ocrx_word' id='word_1_156' title='bbox 1315 1843 1523 1906; x_wconf 76' lang='lat' dir='ltr'>exosculamur;</span> <span class='ocrx_word' id='word_1_157' title='bbox 1561 1859 1661 1897; x_wconf 87' lang='lat' dir='ltr'>summe</span> 
     </span>
     <span class='ocr_line' id='line_1_16' title="bbox 364 1922 1659 2005; baseline -0.003 -21"><span class='ocrx_word' id='word_1_158' title='bbox 364 1922 546 2005; x_wconf 85' lang='lat' dir='ltr'>placet&#39;quod</span> <span class='ocrx_word' id='word_1_159' title='bbox 569 1928 606 1982; x_wconf 93' lang='lat' dir='ltr'>ita</span> <span class='ocrx_word' id='word_1_160' title='bbox 630 1936 764 1999; x_wconf 85' lang='lat' dir='ltr'>temperas</span> <span class='ocrx_word' id='word_1_161' title='bbox 783 1927 874 1999; x_wconf 88' lang='lat' dir='ltr'>gravia</span> <span class='ocrx_word' id='word_1_162' title='bbox 896 1943 957 1981; x_wconf 81' lang='lat' dir='ltr'>euna</span> <span class='ocrx_word' id='word_1_163' title='bbox 982 1926 1121 1990; x_wconf 87' lang='lat' dir='ltr'>ineundis,</span> <span class='ocrx_word' id='word_1_164' title='bbox 1150 1945 1239 1983; x_wconf 87' lang='lat' dir='ltr'>amara</span> <span class='ocrx_word' id='word_1_165' title='bbox 1261 1947 1323 1984; x_wconf 93' lang='lat' dir='ltr'>cnm</span> <span class='ocrx_word' id='word_1_166' title='bbox 1344 1928 1486 1990; x_wconf 85' lang='lat' dir='ltr'>dulcibus,</span> <span class='ocrx_word' id='word_1_167' title='bbox 1513 1927 1587 2002; x_wconf 92' lang='lat' dir='ltr'>quod</span> <span class='ocrx_word' id='word_1_168' title='bbox 1610 1942 1659 1982; x_wconf 94' lang='lat' dir='ltr'>non</span> 
     </span>
     <span class='ocr_line' id='line_1_17' title="bbox 364 2010 1689 2089; baseline -0.008 -19"><span class='ocrx_word' id='word_1_169' title='bbox 364 2016 442 2089; x_wconf 91' lang='lat' dir='ltr'>prius</span> <span class='ocrx_word' id='word_1_170' title='bbox 465 2013 602 2067; x_wconf 73' lang='lat' dir='ltr'>nonciatur</span> <span class='ocrx_word' id='word_1_171' title='bbox 625 2012 751 2066; x_wconf 88' lang='lat' dir='ltr'>haustum</span> <span class='ocrx_word' id='word_1_172' title='bbox 774 2011 937 2084; x_wconf 77' lang='lat' dir='ltr'>absynthum</span> <span class='ocrx_word' id='word_1_173' title='bbox 958 2029 1038 2085; x_wconf 83' lang='lat' dir='ltr'>quani</span> <span class='ocrx_word' id='word_1_174' title='bbox 1063 2013 1145 2068; x_wconf 87' lang='lat' dir='ltr'>luerit</span> <span class='ocrx_word' id='word_1_175' title='bbox 1163 2012 1310 2068; x_wconf 91' lang='lat' dir='ltr'>admissum</span> <span class='ocrx_word' id='word_1_176' title='bbox 1336 2014 1407 2069; x_wconf 88' lang='lat' dir='ltr'>intra</span> <span class='ocrx_word' id='word_1_177' title='bbox 1426 2014 1547 2073; x_wconf 73' lang='lat' dir='ltr'>viscera:</span> <span class='ocrx_word' id='word_1_178' title='bbox 1581 2010 1660 2066; x_wconf 87' lang='lat' dir='ltr'>illinis</span> <span class='ocrx_word' id='word_1_179' title='bbox 1670 2023 1689 2060; x_wconf 77' lang='lat' dir='ltr'>rs</span> 
     </span>
     <span class='ocr_line' id='line_1_18' title="bbox 298 2092 1660 2173; baseline -0.005 -17"><span class='ocrx_word' id='word_1_180' title='bbox 298 2122 356 2171; x_wconf 66' lang='lat' dir='ltr'>qao,</span> <span class='ocrx_word' id='word_1_181' title='bbox 367 2110 395 2156; x_wconf 93' lang='lat' dir='ltr'>et</span> <span class='ocrx_word' id='word_1_182' title='bbox 419 2098 510 2173; x_wconf 89' lang='lat' dir='ltr'>pingis</span> <span class='ocrx_word' id='word_1_183' title='bbox 534 2113 669 2170; x_wconf 91' lang='lat' dir='ltr'>quemque</span> <span class='ocrx_word' id='word_1_184' title='bbox 691 2095 748 2150; x_wconf 91' lang='lat' dir='ltr'>suis</span> <span class='ocrx_word' id='word_1_185' title='bbox 765 2092 913 2151; x_wconf 80' lang='lat' dir='ltr'>coloribus.</span> <span class='ocrx_word' id='word_1_186' title='bbox 957 2095 1014 2168; x_wconf 80' lang='lat' dir='ltr'>Igo</span> <span class='ocrx_word' id='word_1_187' title='bbox 1037 2096 1180 2152; x_wconf 85' lang='lat' dir='ltr'>Martinum</span> <span class='ocrx_word' id='word_1_188' title='bbox 1200 2115 1288 2152; x_wconf 83' lang='lat' dir='ltr'>areum</span> <span class='ocrx_word' id='word_1_189' title='bbox 1310 2115 1364 2153; x_wconf 94' lang='lat' dir='ltr'>non</span> <span class='ocrx_word' id='word_1_190' title='bbox 1392 2099 1461 2153; x_wconf 88' lang='lat' dir='ltr'>satis</span> <span class='ocrx_word' id='word_1_191' title='bbox 1488 2105 1660 2170; x_wconf 86' lang='lat' dir='ltr'>prospectum</span> 
     </span>
     <span class='ocr_line' id='line_1_19' title="bbox 365 2181 1661 2255; baseline -0.005 -14"><span class='ocrx_word' id='word_1_192' title='bbox 365 2185 446 2241; x_wconf 91' lang='lat' dir='ltr'>habui</span> <span class='ocrx_word' id='word_1_193' title='bbox 466 2183 501 2237; x_wconf 92' lang='lat' dir='ltr'>oh</span> <span class='ocrx_word' id='word_1_194' title='bbox 524 2191 564 2237; x_wconf 91' lang='lat' dir='ltr'>tot</span> <span class='ocrx_word' id='word_1_195' title='bbox 587 2181 665 2236; x_wconf 90' lang='lat' dir='ltr'>annis</span> <span class='ocrx_word' id='word_1_196' title='bbox 685 2181 868 2236; x_wconf 78' lang='lat' dir='ltr'>Intermissum</span> <span class='ocrx_word' id='word_1_197' title='bbox 886 2181 1119 2236; x_wconf 90' lang='lat' dir='ltr'>consuetudinem.</span> <span class='ocrx_word' id='word_1_198' title='bbox 1163 2200 1224 2237; x_wconf 91' lang='lat' dir='ltr'>eras</span> <span class='ocrx_word' id='word_1_199' title='bbox 1244 2183 1270 2236; x_wconf 93' lang='lat' dir='ltr'>in</span> <span class='ocrx_word' id='word_1_200' title='bbox 1293 2191 1390 2238; x_wconf 91' lang='lat' dir='ltr'>nostro</span> <span class='ocrx_word' id='word_1_201' title='bbox 1413 2183 1553 2255; x_wconf 89' lang='lat' dir='ltr'>quondam</span> <span class='ocrx_word' id='word_1_202' title='bbox 1570 2189 1661 2237; x_wconf 89' lang='lat' dir='ltr'>contu·</span> 
     </span>
     <span class='ocr_line' id='line_1_20' title="bbox 366 2264 1661 2340; baseline -0.005 -15"><span class='ocrx_word' id='word_1_203' title='bbox 366 2269 461 2326; x_wconf 90' lang='lat' dir='ltr'>bernio</span> <span class='ocrx_word' id='word_1_204' title='bbox 479 2267 599 2322; x_wconf 90' lang='lat' dir='ltr'>musicus</span> <span class='ocrx_word' id='word_1_205' title='bbox 618 2275 646 2321; x_wconf 92' lang='lat' dir='ltr'>et</span> <span class='ocrx_word' id='word_1_206' title='bbox 666 2264 847 2339; x_wconf 90' lang='lat' dir='ltr'>philosophus</span> <span class='ocrx_word' id='word_1_207' title='bbox 866 2266 1004 2327; x_wconf 90' lang='lat' dir='ltr'>eruditns;</span> <span class='ocrx_word' id='word_1_208' title='bbox 1035 2283 1121 2339; x_wconf 87' lang='lat' dir='ltr'>nuper</span> <span class='ocrx_word' id='word_1_209' title='bbox 1138 2267 1191 2321; x_wconf 84' lang='lat' dir='ltr'>vidi</span> <span class='ocrx_word' id='word_1_210' title='bbox 1214 2265 1335 2340; x_wconf 78' lang='lat' dir='ltr'>pugilem</span> <span class='ocrx_word' id='word_1_211' title='bbox 1355 2266 1493 2322; x_wconf 86' lang='lat' dir='ltr'>Entellum</span> <span class='ocrx_word' id='word_1_212' title='bbox 1515 2284 1579 2322; x_wconf 92' lang='lat' dir='ltr'>cnm</span> <span class='ocrx_word' id='word_1_213' title='bbox 1601 2282 1661 2321; x_wconf 91' lang='lat' dir='ltr'>sene</span> 
     </span>
     <span class='ocr_line' id='line_1_21' title="bbox 365 2349 1661 2425; baseline -0.005 -15"><span class='ocrx_word' id='word_1_214' title='bbox 365 2357 461 2410; x_wconf 90' lang='lat' dir='ltr'>llarete</span> <span class='ocrx_word' id='word_1_215' title='bbox 480 2351 700 2424; x_wconf 87' lang='lat' dir='ltr'>congredientem</span> <span class='ocrx_word' id='word_1_216' title='bbox 724 2350 751 2404; x_wconf 93' lang='lat' dir='ltr'>in</span> <span class='ocrx_word' id='word_1_217' title='bbox 770 2367 867 2411; x_wconf 88' lang='lat' dir='ltr'>arena;</span> <span class='ocrx_word' id='word_1_218' title='bbox 893 2350 990 2405; x_wconf 91' lang='lat' dir='ltr'>deinde</span> <span class='ocrx_word' id='word_1_219' title='bbox 1007 2350 1133 2423; x_wconf 88' lang='lat' dir='ltr'>prodiisti</span> <span class='ocrx_word' id='word_1_220' title='bbox 1153 2360 1265 2407; x_wconf 87' lang='lat' dir='ltr'>venator</span> <span class='ocrx_word' id='word_1_221' title='bbox 1281 2350 1370 2406; x_wconf 88' lang='lat' dir='ltr'>alacer</span> <span class='ocrx_word' id='word_1_222' title='bbox 1388 2361 1469 2425; x_wconf 87' lang='lat' dir='ltr'>capto</span> <span class='ocrx_word' id='word_1_223' title='bbox 1488 2368 1562 2407; x_wconf 76' lang='lat' dir='ltr'>saevo</span> <span class='ocrx_word' id='word_1_224' title='bbox 1577 2349 1661 2423; x_wconf 88' lang='lat' dir='ltr'>capri·</span> 
     </span>
     <span class='ocr_line' id='line_1_22' title="bbox 367 2434 1690 2509; baseline -0.005 -14"><span class='ocrx_word' id='word_1_225' title='bbox 367 2457 467 2500; x_wconf 87' lang='lat' dir='ltr'>corno;</span> <span class='ocrx_word' id='word_1_226' title='bbox 495 2454 567 2492; x_wconf 93' lang='lat' dir='ltr'>nunc</span> <span class='ocrx_word' id='word_1_227' title='bbox 584 2435 713 2508; x_wconf 87' lang='lat' dir='ltr'>graphice</span> <span class='ocrx_word' id='word_1_228' title='bbox 735 2434 862 2490; x_wconf 89' lang='lat' dir='ltr'>iudicium</span> <span class='ocrx_word' id='word_1_229' title='bbox 885 2434 1106 2507; x_wconf 84' lang='lat' dir='ltr'>theologistieum</span> <span class='ocrx_word' id='word_1_230' title='bbox 1129 2436 1269 2509; x_wconf 81' lang='lat' dir='ltr'>depingis:</span> <span class='ocrx_word' id='word_1_231' title='bbox 1294 2453 1373 2509; x_wconf 84' lang='lat' dir='ltr'>quern</span> <span class='ocrx_word' id='word_1_232' title='bbox 1398 2445 1425 2492; x_wconf 90' lang='lat' dir='ltr'>te</span> <span class='ocrx_word' id='word_1_233' title='bbox 1446 2436 1558 2491; x_wconf 81' lang='lat' dir='ltr'>demunt</span> <span class='ocrx_word' id='word_1_234' title='bbox 1582 2434 1690 2489; x_wconf 74' lang='lat' dir='ltr'>habea</span> 
     </span>
     <span class='ocr_line' id='line_1_23' title="bbox 298 2518 1661 2594; baseline -0.009 -11"><span class='ocrx_word' id='word_1_235' title='bbox 298 2545 356 2594; x_wconf 62' lang='lat' dir='ltr'>tao.</span> <span class='ocrx_word' id='word_1_236' title='bbox 369 2523 474 2579; x_wconf 81' lang='lat' dir='ltr'>bintus?</span> <span class='ocrx_word' id='word_1_237' title='bbox 511 2522 538 2576; x_wconf 94' lang='lat' dir='ltr'>in</span> <span class='ocrx_word' id='word_1_238' title='bbox 562 2538 616 2594; x_wconf 94' lang='lat' dir='ltr'>quo</span> <span class='ocrx_word' id='word_1_239' title='bbox 638 2519 752 2574; x_wconf 90' lang='lat' dir='ltr'>artilicio</span> <span class='ocrx_word' id='word_1_240' title='bbox 781 2519 820 2575; x_wconf 88' lang='lat' dir='ltr'>vis</span> <span class='ocrx_word' id='word_1_241' title='bbox 843 2518 931 2592; x_wconf 90' lang='lat' dir='ltr'>palma</span> <span class='ocrx_word' id='word_1_242' title='bbox 958 2519 1072 2574; x_wconf 85' lang='lat' dir='ltr'>donari?</span> <span class='ocrx_word' id='word_1_243' title='bbox 1109 2520 1173 2574; x_wconf 91' lang='lat' dir='ltr'>mihi</span> <span class='ocrx_word' id='word_1_244' title='bbox 1201 2537 1345 2594; x_wconf 87' lang='lat' dir='ltr'>superesse</span> <span class='ocrx_word' id='word_1_245' title='bbox 1371 2521 1481 2576; x_wconf 90' lang='lat' dir='ltr'>videtur</span> <span class='ocrx_word' id='word_1_246' title='bbox 1508 2519 1661 2576; x_wconf 82' lang='lat' dir='ltr'>statuarius.</span> 
     </span>
     <span class='ocr_line' id='line_1_24' title="bbox 368 2595 1661 2681; baseline -0.006 -17"><span class='ocrx_word' id='word_1_247' title='bbox 368 2627 417 2681; x_wconf 89' lang='lat' dir='ltr'>age</span> <span class='ocrx_word' id='word_1_248' title='bbox 435 2595 514 2679; x_wconf 79' lang='lat' dir='ltr'>ergo,</span> <span class='ocrx_word' id='word_1_249' title='bbox 535 2605 636 2679; x_wconf 88' lang='lat' dir='ltr'>optime</span> <span class='ocrx_word' id='word_1_250' title='bbox 653 2603 797 2664; x_wconf 86' lang='lat' dir='ltr'>Policlete,</span> <span class='ocrx_word' id='word_1_251' title='bbox 821 2603 941 2676; x_wconf 78' lang='lat' dir='ltr'>exprime</span> <span class='ocrx_word' id='word_1_252' title='bbox 963 2604 1044 2660; x_wconf 91' lang='lat' dir='ltr'>nobis</span> <span class='ocrx_word' id='word_1_253' title='bbox 1062 2604 1173 2660; x_wconf 86' lang='lat' dir='ltr'>devictis</span> <span class='ocrx_word' id='word_1_254' title='bbox 1191 2604 1317 2661; x_wconf 88' lang='lat' dir='ltr'>hostibus</span> <span class='ocrx_word' id='word_1_255' title='bbox 1335 2623 1413 2661; x_wconf 85' lang='lat' dir='ltr'>arens</span> <span class='ocrx_word' id='word_1_256' title='bbox 1435 2605 1616 2679; x_wconf 84' lang='lat' dir='ltr'>triumphales</span> <span class='ocrx_word' id='word_1_257' title='bbox 1630 2602 1661 2657; x_wconf 90' lang='lat' dir='ltr'>de</span> 
     </span>
     <span class='ocr_line' id='line_1_25' title="bbox 369 2687 1660 2762; baseline -0.006 -13"><span class='ocrx_word' id='word_1_258' title='bbox 369 2707 501 2749; x_wconf 87' lang='lat' dir='ltr'>marmore</span> <span class='ocrx_word' id='word_1_259' title='bbox 520 2691 578 2745; x_wconf 84' lang='lat' dir='ltr'>rivo</span> <span class='ocrx_word' id='word_1_260' title='bbox 597 2689 642 2762; x_wconf 92' lang='lat' dir='ltr'>qui</span> <span class='ocrx_word' id='word_1_261' title='bbox 663 2696 705 2744; x_wconf 93' lang='lat' dir='ltr'>est</span> <span class='ocrx_word' id='word_1_262' title='bbox 722 2689 846 2743; x_wconf 84' lang='lat' dir='ltr'>Christus</span> <span class='ocrx_word' id='word_1_263' title='bbox 864 2687 939 2743; x_wconf 90' lang='lat' dir='ltr'>lesus</span> <span class='ocrx_word' id='word_1_264' title='bbox 957 2689 1003 2762; x_wconf 92' lang='lat' dir='ltr'>qni</span> <span class='ocrx_word' id='word_1_265' title='bbox 1022 2697 1048 2743; x_wconf 92' lang='lat' dir='ltr'>te</span> <span class='ocrx_word' id='word_1_266' title='bbox 1065 2689 1200 2744; x_wconf 88' lang='lat' dir='ltr'>custodiat</span> <span class='ocrx_word' id='word_1_267' title='bbox 1224 2689 1257 2745; x_wconf 92' lang='lat' dir='ltr'>ab</span> <span class='ocrx_word' id='word_1_268' title='bbox 1279 2706 1327 2745; x_wconf 90' lang='lat' dir='ltr'>ore</span> <span class='ocrx_word' id='word_1_269' title='bbox 1344 2689 1443 2745; x_wconf 84' lang='lat' dir='ltr'>Leonis</span> <span class='ocrx_word' id='word_1_270' title='bbox 1462 2699 1491 2745; x_wconf 91' lang='lat' dir='ltr'>et</span> <span class='ocrx_word' id='word_1_271' title='bbox 1505 2708 1522 2744; x_wconf 87' lang='lat' dir='ltr'>a</span> <span class='ocrx_word' id='word_1_272' title='bbox 1537 2687 1660 2745; x_wconf 88' lang='lat' dir='ltr'>cornibus</span> 
     </span>
     <span class='ocr_line' id='line_1_26' title="bbox 300 2767 1660 2855; baseline -0.004 -23"><span class='ocrx_word' id='word_1_273' title='bbox 300 2801 358 2851; x_wconf 68' lang='lat' dir='ltr'>tl!-</span> <span class='ocrx_word' id='word_1_274' title='bbox 366 2785 414 2846; x_wconf 76' lang='lat' dir='ltr'>sot.</span> <span class='ocrx_word' id='word_1_275' title='bbox 431 2780 482 2828; x_wconf 77' lang='lat' dir='ltr'>te.</span> <span class='ocrx_word' id='word_1_276' title='bbox 498 2767 506 2855; x_wconf 85' lang='grc' dir='ltr'>Ι</span> <span class='ocrx_word' id='word_1_277' title='bbox 522 2774 691 2831; x_wconf 89' lang='lat' dir='ltr'>unicornium</span> <span class='ocrx_word' id='word_1_278' title='bbox 706 2774 889 2847; x_wconf 89' lang='lat' dir='ltr'>sophistarmu</span> <span class='ocrx_word' id='word_1_279' title='bbox 904 2791 954 2846; x_wconf 91' lang='lat' dir='ltr'>per</span> <span class='ocrx_word' id='word_1_280' title='bbox 968 2790 1048 2828; x_wconf 89' lang='lat' dir='ltr'>omne</span> <span class='ocrx_word' id='word_1_281' title='bbox 1063 2790 1156 2829; x_wconf 67' lang='lat' dir='ltr'>aarum.</span> <span class='ocrx_word' id='word_1_282' title='bbox 1186 2773 1345 2830; x_wconf 81' lang='lat' dir='ltr'>Franciscus</span> <span class='ocrx_word' id='word_1_283' title='bbox 1359 2774 1393 2830; x_wconf 93' lang='lat' dir='ltr'>de</span> <span class='ocrx_word' id='word_1_284' title='bbox 1405 2774 1582 2848; x_wconf 79' lang='lat' dir='ltr'>Syclsiugeun</span> <span class='ocrx_word' id='word_1_285' title='bbox 1595 2768 1599 2851; x_wconf 70' lang='lat' dir='ltr'>l</span> <span class='ocrx_word' id='word_1_286' title='bbox 1612 2789 1660 2827; x_wconf 84' lang='lat' dir='ltr'>ma·</span> 
     </span>
     <span class='ocr_line' id='line_1_27' title="bbox 368 2854 1688 2936; baseline -0.008 -19"><span class='ocrx_word' id='word_1_287' title='bbox 368 2880 439 2936; x_wconf 86' lang='lat' dir='ltr'>gnus</span> <span class='ocrx_word' id='word_1_288' title='bbox 452 2861 505 2915; x_wconf 88' lang='lat' dir='ltr'>dux</span> <span class='ocrx_word' id='word_1_289' title='bbox 521 2859 686 2915; x_wconf 76' lang='lat' dir='ltr'>GermanIcae</span> <span class='ocrx_word' id='word_1_290' title='bbox 702 2856 852 2914; x_wconf 88' lang='lat' dir='ltr'>nobilitatis</span> <span class='ocrx_word' id='word_1_291' title='bbox 867 2858 937 2931; x_wconf 91' lang='lat' dir='ltr'>petit</span> <span class='ocrx_word' id='word_1_292' title='bbox 954 2865 1023 2913; x_wconf 88' lang='lat' dir='ltr'>teste</span> <span class='ocrx_word' id='word_1_293' title='bbox 1038 2857 1163 2915; x_wconf 89' lang='lat' dir='ltr'>Hutheno</span> <span class='ocrx_word' id='word_1_294' title='bbox 1179 2860 1211 2914; x_wconf 91' lang='lat' dir='ltr'>ad</span> <span class='ocrx_word' id='word_1_295' title='bbox 1230 2877 1258 2914; x_wconf 92' lang='lat' dir='ltr'>se</span> <span class='ocrx_word' id='word_1_296' title='bbox 1275 2859 1377 2931; x_wconf 89' lang='lat' dir='ltr'>logias,</span> <span class='ocrx_word' id='word_1_297' title='bbox 1400 2877 1415 2914; x_wconf 92' lang='lat' dir='ltr'>a</span> <span class='ocrx_word' id='word_1_298' title='bbox 1433 2876 1490 2933; x_wconf 91' lang='lat' dir='ltr'>quo</span> <span class='ocrx_word' id='word_1_299' title='bbox 1509 2854 1688 2932; x_wconf 78' lang='lat' dir='ltr'>tranquilli-ts</span> 
     </span>
     <span class='ocr_line' id='line_1_28' title="bbox 369 2943 1661 3018; baseline -0.003 -14"><span class='ocrx_word' id='word_1_300' title='bbox 369 2957 464 3008; x_wconf 88' lang='lat' dir='ltr'>tatem,</span> <span class='ocrx_word' id='word_1_301' title='bbox 489 2944 669 3018; x_wconf 87' lang='lat' dir='ltr'>theologicam</span> <span class='ocrx_word' id='word_1_302' title='bbox 690 2944 812 3004; x_wconf 84' lang='lat' dir='ltr'>domurn,</span> <span class='ocrx_word' id='word_1_303' title='bbox 843 2943 1011 3005; x_wconf 88' lang='lat' dir='ltr'>mioistrum,</span> <span class='ocrx_word' id='word_1_304' title='bbox 1040 2943 1139 3000; x_wconf 82' lang='lat' dir='ltr'>vietum</span> <span class='ocrx_word' id='word_1_305' title='bbox 1167 2953 1195 3001; x_wconf 92' lang='lat' dir='ltr'>et</span> <span class='ocrx_word' id='word_1_306' title='bbox 1223 2943 1327 3018; x_wconf 78' lang='lat' dir='ltr'>asylum</span> <span class='ocrx_word' id='word_1_307' title='bbox 1355 2954 1453 3001; x_wconf 91' lang='lat' dir='ltr'>contra</span> <span class='ocrx_word' id='word_1_308' title='bbox 1481 2944 1661 3000; x_wconf 77' lang='lat' dir='ltr'>insidiatores.</span> 
     </span>
     <span class='ocr_line' id='line_1_29' title="bbox 344 3025 1661 3106; baseline -0.006 -17"><span class='ocrx_word' id='word_1_309' title='bbox 344 3079 346 3083; x_wconf 94' lang='lat'><em>.</em></span> <span class='ocrx_word' id='word_1_310' title='bbox 368 3041 511 3106; x_wconf 86' lang='lat' dir='ltr'>ceteraque</span> <span class='ocrx_word' id='word_1_311' title='bbox 534 3031 595 3086; x_wconf 80' lang='lat' dir='ltr'>vitae</span> <span class='ocrx_word' id='word_1_312' title='bbox 620 3029 772 3086; x_wconf 91' lang='lat' dir='ltr'>necessaria</span> <span class='ocrx_word' id='word_1_313' title='bbox 794 3028 899 3084; x_wconf 88' lang='lat' dir='ltr'>abunde</span> <span class='ocrx_word' id='word_1_314' title='bbox 921 3029 959 3083; x_wconf 90' lang='lat' dir='ltr'>sis</span> <span class='ocrx_word' id='word_1_315' title='bbox 984 3028 1134 3084; x_wconf 88' lang='lat' dir='ltr'>habiturus.</span> <span class='ocrx_word' id='word_1_316' title='bbox 1180 3047 1232 3105; x_wconf 90' lang='lat' dir='ltr'>qua</span> <span class='ocrx_word' id='word_1_317' title='bbox 1253 3029 1288 3084; x_wconf 93' lang='lat' dir='ltr'>de</span> <span class='ocrx_word' id='word_1_318' title='bbox 1309 3047 1340 3084; x_wconf 92' lang='lat' dir='ltr'>re</span> <span class='ocrx_word' id='word_1_319' title='bbox 1361 3030 1447 3086; x_wconf 90' lang='lat' dir='ltr'>multa</span> <span class='ocrx_word' id='word_1_320' title='bbox 1469 3029 1615 3085; x_wconf 88' lang='lat' dir='ltr'>llnthenus</span> <span class='ocrx_word' id='word_1_321' title='bbox 1632 3025 1661 3081; x_wconf 88' lang='lat' dir='ltr'>ad</span> 
     </span>
     <span class='ocr_line' id='line_1_30' title="bbox 300 3113 1662 3190; baseline -0.004 -17"><span class='ocrx_word' id='word_1_322' title='bbox 300 3116 610 3190; x_wconf 58' lang='lat' dir='ltr'>§sallelanchthonem</span> <span class='ocrx_word' id='word_1_323' title='bbox 655 3132 709 3170; x_wconf 94' lang='lat' dir='ltr'>non</span> <span class='ocrx_word' id='word_1_324' title='bbox 730 3122 774 3168; x_wconf 92' lang='lat' dir='ltr'>est</span> <span class='ocrx_word' id='word_1_325' title='bbox 793 3113 989 3168; x_wconf 90' lang='lat' dir='ltr'>contemnenda</span> <span class='ocrx_word' id='word_1_326' title='bbox 1013 3121 1087 3169; x_wconf 91' lang='lat' dir='ltr'>tanta</span> <span class='ocrx_word' id='word_1_327' title='bbox 1109 3114 1271 3188; x_wconf 85' lang='lat' dir='ltr'>benignitas.</span> <span class='ocrx_word' id='word_1_328' title='bbox 1316 3115 1344 3169; x_wconf 92' lang='lat' dir='ltr'>in</span> <span class='ocrx_word' id='word_1_329' title='bbox 1365 3114 1441 3170; x_wconf 85' lang='lat' dir='ltr'>nulla</span> <span class='ocrx_word' id='word_1_330' title='bbox 1465 3131 1496 3169; x_wconf 91' lang='lat' dir='ltr'>re</span> <span class='ocrx_word' id='word_1_331' title='bbox 1523 3123 1662 3186; x_wconf 83' lang='lat' dir='ltr'>tantopere</span> 
     </span>
     <span class='ocr_line' id='line_1_31' title="bbox 368 3198 1662 3274; baseline -0.007 -15"><span class='ocrx_word' id='word_1_332' title='bbox 368 3212 494 3259; x_wconf 75' lang='lat' dir='ltr'>exercent</span> <span class='ocrx_word' id='word_1_333' title='bbox 519 3201 658 3274; x_wconf 88' lang='lat' dir='ltr'>ingenium</span> <span class='ocrx_word' id='word_1_334' title='bbox 685 3199 770 3255; x_wconf 91' lang='lat' dir='ltr'>sancti</span> <span class='ocrx_word' id='word_1_335' title='bbox 796 3207 887 3271; x_wconf 90' lang='lat' dir='ltr'>patres</span> <span class='ocrx_word' id='word_1_336' title='bbox 910 3215 990 3271; x_wconf 91' lang='lat' dir='ltr'>quam</span> <span class='ocrx_word' id='word_1_337' title='bbox 1014 3198 1085 3272; x_wconf 91' lang='lat' dir='ltr'>qued</span> <span class='ocrx_word' id='word_1_338' title='bbox 1112 3198 1230 3255; x_wconf 90' lang='lat' dir='ltr'>animum</span> <span class='ocrx_word' id='word_1_339' title='bbox 1253 3198 1382 3256; x_wconf 74' lang='lat' dir='ltr'>l&#39;riderIei</span> <span class='ocrx_word' id='word_1_340' title='bbox 1409 3200 1545 3273; x_wconf 85' lang='lat' dir='ltr'>principis</span> <span class='ocrx_word' id='word_1_341' title='bbox 1568 3198 1662 3254; x_wconf 86' lang='lat' dir='ltr'>abste</span> 
     </span>
     <span class='ocr_line' id='line_1_32' title="bbox 368 3280 1690 3359; baseline -0.006 -16"><span class='ocrx_word' id='word_1_342' title='bbox 368 3288 502 3349; x_wconf 89' lang='lat' dir='ltr'>alienent,</span> <span class='ocrx_word' id='word_1_343' title='bbox 524 3294 555 3341; x_wconf 94' lang='lat' dir='ltr'>ut</span> <span class='ocrx_word' id='word_1_344' title='bbox 580 3285 708 3359; x_wconf 75' lang='lat' dir='ltr'>praesidio</span> <span class='ocrx_word' id='word_1_345' title='bbox 730 3283 803 3339; x_wconf 92' lang='lat' dir='ltr'>omni</span> <span class='ocrx_word' id='word_1_346' title='bbox 827 3291 924 3337; x_wconf 79' lang='lat' dir='ltr'>erutus</span> <span class='ocrx_word' id='word_1_347' title='bbox 947 3282 1055 3338; x_wconf 91' lang='lat' dir='ltr'>tandem</span> <span class='ocrx_word' id='word_1_348' title='bbox 1076 3284 1216 3356; x_wconf 88' lang='lat' dir='ltr'>cogereris</span> <span class='ocrx_word' id='word_1_349' title='bbox 1236 3284 1268 3340; x_wconf 88' lang='lat' dir='ltr'>ad</span> <span class='ocrx_word' id='word_1_350' title='bbox 1292 3284 1425 3340; x_wconf 81' lang='lat' dir='ltr'>bohemos</span> <span class='ocrx_word' id='word_1_351' title='bbox 1446 3285 1612 3356; x_wconf 80' lang='lat' dir='ltr'>confugere,</span> <span class='ocrx_word' id='word_1_352' title='bbox 1637 3280 1690 3335; x_wconf 74' lang='lat' dir='ltr'>ins</span> 
     </span>
     <span class='ocr_line' id='line_1_33' title="bbox 370 3365 1663 3446; baseline -0.007 -18"><span class='ocrx_word' id='word_1_353' title='bbox 370 3391 424 3446; x_wconf 93' lang='lat' dir='ltr'>quo</span> <span class='ocrx_word' id='word_1_354' title='bbox 442 3389 534 3427; x_wconf 87' lang='lat' dir='ltr'>casum</span> <span class='ocrx_word' id='word_1_355' title='bbox 557 3370 674 3426; x_wconf 89' lang='lat' dir='ltr'>nominis</span> <span class='ocrx_word' id='word_1_356' title='bbox 696 3377 723 3424; x_wconf 93' lang='lat' dir='ltr'>et</span> <span class='ocrx_word' id='word_1_357' title='bbox 748 3367 879 3424; x_wconf 73' lang='lat' dir='ltr'>doetrinae</span> <span class='ocrx_word' id='word_1_358' title='bbox 902 3375 955 3422; x_wconf 84' lang='lat' dir='ltr'>tuae</span> <span class='ocrx_word' id='word_1_359' title='bbox 977 3377 1092 3440; x_wconf 90' lang='lat' dir='ltr'>ponunt.</span> <span class='ocrx_word' id='word_1_360' title='bbox 1137 3370 1209 3425; x_wconf 91' lang='lat' dir='ltr'>nosti</span> <span class='ocrx_word' id='word_1_361' title='bbox 1236 3369 1363 3443; x_wconf 86' lang='lat' dir='ltr'>inquem</span> <span class='ocrx_word' id='word_1_362' title='bbox 1389 3377 1580 3441; x_wconf 90' lang='lat' dir='ltr'>contemptum</span> <span class='ocrx_word' id='word_1_363' title='bbox 1601 3365 1663 3421; x_wconf 88' lang='lat' dir='ltr'>abiit</span> 
     </span>
     <span class='ocr_line' id='line_1_34' title="bbox 300 3448 1663 3527; baseline -0.005 -16"><span class='ocrx_word' id='word_1_364' title='bbox 300 3458 420 3526; x_wconf 55' lang='lat' dir='ltr'>§palice</span> <span class='ocrx_word' id='word_1_365' title='bbox 446 3474 559 3518; x_wconf 71' lang='lat' dir='ltr'>nomem</span> <span class='ocrx_word' id='word_1_366' title='bbox 596 3464 624 3510; x_wconf 91' lang='lat' dir='ltr'>et</span> <span class='ocrx_word' id='word_1_367' title='bbox 650 3454 743 3527; x_wconf 93' lang='lat' dir='ltr'>opinio</span> <span class='ocrx_word' id='word_1_368' title='bbox 773 3461 852 3508; x_wconf 72' lang='lat' dir='ltr'>atate</span> <span class='ocrx_word' id='word_1_369' title='bbox 879 3451 1055 3525; x_wconf 88' lang='lat' dir='ltr'>comprobata</span> <span class='ocrx_word' id='word_1_370' title='bbox 1085 3454 1149 3527; x_wconf 90' lang='lat' dir='ltr'>qnid</span> <span class='ocrx_word' id='word_1_371' title='bbox 1173 3454 1273 3515; x_wconf 83' lang='lat' dir='ltr'>valeat,</span> <span class='ocrx_word' id='word_1_372' title='bbox 1304 3454 1383 3510; x_wconf 89' lang='lat' dir='ltr'>ludas</span> <span class='ocrx_word' id='word_1_373' title='bbox 1406 3471 1463 3510; x_wconf 91' lang='lat' dir='ltr'>uon</span> <span class='ocrx_word' id='word_1_374' title='bbox 1488 3452 1602 3509; x_wconf 74' lang='lat' dir='ltr'>docuit?</span> <span class='ocrx_word' id='word_1_375' title='bbox 1633 3448 1663 3505; x_wconf 77' lang='lat' dir='ltr'>Et</span> 
     </span>
     <span class='ocr_line' id='line_1_35' title="bbox 369 3535 1662 3613; baseline -0.003 -18"><span class='ocrx_word' id='word_1_376' title='bbox 369 3540 467 3596; x_wconf 75' lang='lat' dir='ltr'>Eclitn</span> <span class='ocrx_word' id='word_1_377' title='bbox 492 3549 556 3595; x_wconf 93' lang='lat' dir='ltr'>tunc</span> <span class='ocrx_word' id='word_1_378' title='bbox 584 3547 647 3612; x_wconf 90' lang='lat' dir='ltr'>aget</span> <span class='ocrx_word' id='word_1_379' title='bbox 670 3539 759 3594; x_wconf 80' lang='lat' dir='ltr'>Ronrae</span> <span class='ocrx_word' id='word_1_380' title='bbox 788 3555 906 3609; x_wconf 89' lang='lat' dir='ltr'>unguem</span> <span class='ocrx_word' id='word_1_381' title='bbox 935 3536 963 3591; x_wconf 88' lang='lat' dir='ltr'>lu</span> <span class='ocrx_word' id='word_1_382' title='bbox 986 3536 1111 3593; x_wconf 90' lang='lat' dir='ltr'>hulccre:</span> <span class='ocrx_word' id='word_1_383' title='bbox 1142 3539 1338 3611; x_wconf 90' lang='lat' dir='ltr'>providendum</span> <span class='ocrx_word' id='word_1_384' title='bbox 1359 3539 1453 3613; x_wconf 89' lang='lat' dir='ltr'>itaque</span> <span class='ocrx_word' id='word_1_385' title='bbox 1476 3547 1505 3593; x_wconf 90' lang='lat' dir='ltr'>et</span> <span class='ocrx_word' id='word_1_386' title='bbox 1527 3538 1599 3593; x_wconf 87' lang='lat' dir='ltr'>ratio</span> <span class='ocrx_word' id='word_1_387' title='bbox 1620 3535 1662 3591; x_wconf 81' lang='lat' dir='ltr'>ba·</span> 
     </span>
     <span class='ocr_line' id='line_1_36' title="bbox 370 3620 1661 3696; baseline 0 -16"><span class='ocrx_word' id='word_1_388' title='bbox 370 3625 457 3681; x_wconf 91' lang='lat' dir='ltr'>benda</span> <span class='ocrx_word' id='word_1_389' title='bbox 475 3625 507 3680; x_wconf 92' lang='lat' dir='ltr'>de</span> <span class='ocrx_word' id='word_1_390' title='bbox 526 3625 619 3679; x_wconf 90' lang='lat' dir='ltr'>lutnro</span> <span class='ocrx_word' id='word_1_391' title='bbox 637 3642 697 3680; x_wconf 91' lang='lat' dir='ltr'>meo</span> <span class='ocrx_word' id='word_1_392' title='bbox 714 3621 829 3679; x_wconf 91' lang='lat' dir='ltr'>consilio</span> <span class='ocrx_word' id='word_1_393' title='bbox 848 3639 899 3696; x_wconf 90' lang='lat' dir='ltr'>per</span> <span class='ocrx_word' id='word_1_394' title='bbox 914 3620 1066 3694; x_wconf 87' lang='lat' dir='ltr'>epistolam.</span> <span class='ocrx_word' id='word_1_395' title='bbox 1096 3623 1262 3679; x_wconf 88' lang='lat' dir='ltr'>Iletinendus</span> <span class='ocrx_word' id='word_1_396' title='bbox 1280 3624 1366 3679; x_wconf 92' lang='lat' dir='ltr'>estin</span> <span class='ocrx_word' id='word_1_397' title='bbox 1386 3623 1478 3679; x_wconf 87' lang='lat' dir='ltr'>olheie</span> <span class='ocrx_word' id='word_1_398' title='bbox 1496 3622 1661 3680; x_wconf 76' lang='lat' dir='ltr'>Franciscus,</span> 
     </span>
     <span class='ocr_line' id='line_1_37' title="bbox 370 3704 1689 3782; baseline -0.003 -18"><span class='ocrx_word' id='word_1_399' title='bbox 370 3727 403 3764; x_wconf 89' lang='lat' dir='ltr'>ne</span> <span class='ocrx_word' id='word_1_400' title='bbox 426 3727 474 3763; x_wconf 88' lang='lat' dir='ltr'>sua</span> <span class='ocrx_word' id='word_1_401' title='bbox 496 3727 560 3782; x_wconf 91' lang='lat' dir='ltr'>erga</span> <span class='ocrx_word' id='word_1_402' title='bbox 580 3718 605 3763; x_wconf 96' lang='lat' dir='ltr'>te</span> <span class='ocrx_word' id='word_1_403' title='bbox 629 3707 812 3764; x_wconf 75' lang='lat' dir='ltr'>benivolencia</span> <span class='ocrx_word' id='word_1_404' title='bbox 830 3706 921 3781; x_wconf 90' lang='lat' dir='ltr'>sperni</span> <span class='ocrx_word' id='word_1_405' title='bbox 940 3706 1103 3763; x_wconf 87' lang='lat' dir='ltr'>arbitretur:</span> <span class='ocrx_word' id='word_1_406' title='bbox 1135 3708 1159 3763; x_wconf 91' lang='lat' dir='ltr'>is</span> <span class='ocrx_word' id='word_1_407' title='bbox 1175 3707 1238 3764; x_wconf 90' lang='lat' dir='ltr'>unis</span> <span class='ocrx_word' id='word_1_408' title='bbox 1255 3708 1343 3764; x_wconf 91' lang='lat' dir='ltr'>literis</span> <span class='ocrx_word' id='word_1_409' title='bbox 1364 3726 1415 3782; x_wconf 89' lang='lat' dir='ltr'>pro</span> <span class='ocrx_word' id='word_1_410' title='bbox 1434 3706 1587 3771; x_wconf 85' lang='lat' dir='ltr'>llenchlino</span> <span class='ocrx_word' id='word_1_411' title='bbox 1604 3704 1689 3779; x_wconf 74' lang='lat' dir='ltr'>ptnss</span> 
     </span>
     <span class='ocr_line' id='line_1_38' title="bbox 301 3790 1661 3866; baseline -0.005 -17"><span class='ocrx_word' id='word_1_412' title='bbox 301 3815 358 3865; x_wconf 64' lang='lat' dir='ltr'>§.th</span> <span class='ocrx_word' id='word_1_413' title='bbox 372 3794 468 3849; x_wconf 89' lang='lat' dir='ltr'>terruit</span> <span class='ocrx_word' id='word_1_414' title='bbox 489 3794 676 3848; x_wconf 79' lang='lat' dir='ltr'>bortrinicistas</span> <span class='ocrx_word' id='word_1_415' title='bbox 695 3810 775 3866; x_wconf 89' lang='lat' dir='ltr'>quam</span> <span class='ocrx_word' id='word_1_416' title='bbox 792 3801 834 3848; x_wconf 95' lang='lat' dir='ltr'>tot</span> <span class='ocrx_word' id='word_1_417' title='bbox 850 3790 964 3847; x_wconf 69' lang='lat' dir='ltr'>Cesaris</span> <span class='ocrx_word' id='word_1_418' title='bbox 985 3799 1013 3845; x_wconf 90' lang='lat' dir='ltr'>ct</span> <span class='ocrx_word' id='word_1_419' title='bbox 1029 3791 1168 3847; x_wconf 86' lang='lat' dir='ltr'>Pontihcis</span> <span class='ocrx_word' id='word_1_420' title='bbox 1190 3792 1288 3848; x_wconf 88' lang='lat' dir='ltr'>brevia.</span> <span class='ocrx_word' id='word_1_421' title='bbox 1316 3792 1421 3849; x_wconf 80' lang='lat' dir='ltr'>llevirit</span> <span class='ocrx_word' id='word_1_422' title='bbox 1436 3809 1488 3866; x_wconf 92' lang='lat' dir='ltr'>per</span> <span class='ocrx_word' id='word_1_423' title='bbox 1504 3790 1661 3847; x_wconf 75' lang='lat' dir='ltr'>basilienses</span> 
     </span>
     <span class='ocr_line' id='line_1_39' title="bbox 303 3873 1660 3949; baseline -0.005 -15"><span class='ocrx_word' id='word_1_424' title='bbox 303 3873 307 3880; x_wconf 86' lang='grc'><strong>’</strong></span> <span class='ocrx_word' id='word_1_425' title='bbox 369 3879 501 3934; x_wconf 91' lang='lat' dir='ltr'>lohannes</span> <span class='ocrx_word' id='word_1_426' title='bbox 518 3878 635 3935; x_wconf 89' lang='lat' dir='ltr'>llussus.</span> <span class='ocrx_word' id='word_1_427' title='bbox 658 3878 756 3933; x_wconf 89' lang='lat' dir='ltr'>misere</span> <span class='ocrx_word' id='word_1_428' title='bbox 778 3878 914 3933; x_wconf 78' lang='lat' dir='ltr'>extinctus</span> <span class='ocrx_word' id='word_1_429' title='bbox 935 3876 1078 3949; x_wconf 84' lang='lat' dir='ltr'>tyrannide</span> <span class='ocrx_word' id='word_1_430' title='bbox 1098 3877 1306 3933; x_wconf 88' lang='lat' dir='ltr'>Themistarum.</span> <span class='ocrx_word' id='word_1_431' title='bbox 1351 3877 1419 3945; x_wconf 78' lang='lat' dir='ltr'>Ouid</span> <span class='ocrx_word' id='word_1_432' title='bbox 1445 3877 1556 3933; x_wconf 87' lang='lat' dir='ltr'>tandem</span> <span class='ocrx_word' id='word_1_433' title='bbox 1578 3884 1660 3932; x_wconf 73' lang='lat' dir='ltr'>tutu·</span> 
     </span>
     <span class='ocr_line' id='line_1_40' title="bbox 369 3959 1660 4035; baseline -0.005 -17"><span class='ocrx_word' id='word_1_434' title='bbox 369 3964 435 4025; x_wconf 87' lang='lat' dir='ltr'>erit,</span> <span class='ocrx_word' id='word_1_435' title='bbox 466 3962 510 4018; x_wconf 93' lang='lat' dir='ltr'>ubi</span> <span class='ocrx_word' id='word_1_436' title='bbox 536 3971 590 4017; x_wconf 82' lang='lat' dir='ltr'>taur</span> <span class='ocrx_word' id='word_1_437' title='bbox 616 3971 708 4017; x_wconf 90' lang='lat' dir='ltr'>saneta</span> <span class='ocrx_word' id='word_1_438' title='bbox 734 3963 869 4035; x_wconf 89' lang='lat' dir='ltr'>scriptura</span> <span class='ocrx_word' id='word_1_439' title='bbox 899 3961 1026 4016; x_wconf 91' lang='lat' dir='ltr'>iudicium</span> <span class='ocrx_word' id='word_1_440' title='bbox 1056 3962 1173 4017; x_wconf 80' lang='lat' dir='ltr'>meruit?</span> <span class='ocrx_word' id='word_1_441' title='bbox 1209 3963 1330 4018; x_wconf 90' lang='lat' dir='ltr'>sednon</span> <span class='ocrx_word' id='word_1_442' title='bbox 1354 3972 1397 4018; x_wconf 91' lang='lat' dir='ltr'>est</span> <span class='ocrx_word' id='word_1_443' title='bbox 1422 3962 1577 4020; x_wconf 77' lang='lat' dir='ltr'>extinctus.</span> <span class='ocrx_word' id='word_1_444' title='bbox 1598 3959 1660 4014; x_wconf 78' lang='lat' dir='ltr'>viret</span> 
     </span>
     <span class='ocr_line' id='line_1_41' title="bbox 367 4044 1659 4110; baseline -0.005 -6"><span class='ocrx_word' id='word_1_445' title='bbox 367 4050 454 4106; x_wconf 89' lang='lat' dir='ltr'>donee</span> <span class='ocrx_word' id='word_1_446' title='bbox 476 4048 545 4103; x_wconf 86' lang='lat' dir='ltr'>viret</span> <span class='ocrx_word' id='word_1_447' title='bbox 569 4046 683 4110; x_wconf 85' lang='lat' dir='ltr'>veritas;</span> <span class='ocrx_word' id='word_1_448' title='bbox 713 4046 854 4102; x_wconf 92' lang='lat' dir='ltr'>contabuit</span> <span class='ocrx_word' id='word_1_449' title='bbox 876 4064 940 4102; x_wconf 82' lang='lat' dir='ltr'>vero</span> <span class='ocrx_word' id='word_1_450' title='bbox 965 4062 997 4101; x_wconf 91' lang='lat' dir='ltr'>ac</span> <span class='ocrx_word' id='word_1_451' title='bbox 1021 4046 1049 4101; x_wconf 90' lang='lat' dir='ltr'>iu</span> <span class='ocrx_word' id='word_1_452' title='bbox 1072 4064 1150 4103; x_wconf 88' lang='lat' dir='ltr'>suum</span> <span class='ocrx_word' id='word_1_453' title='bbox 1172 4047 1291 4104; x_wconf 89' lang='lat' dir='ltr'>cinerem</span> <span class='ocrx_word' id='word_1_454' title='bbox 1313 4047 1380 4103; x_wconf 88' lang='lat' dir='ltr'>abiit</span> <span class='ocrx_word' id='word_1_455' title='bbox 1407 4045 1539 4103; x_wconf 89' lang='lat' dir='ltr'>illaudata</span> <span class='ocrx_word' id='word_1_456' title='bbox 1561 4044 1659 4101; x_wconf 79' lang='lat' dir='ltr'>invidia.</span> 
     </span>
    </p>
   </div>
   <div class='ocr_carea' id='block_1_3' title="bbox 370 4274 1657 5037">
    <p class='ocr_par' dir='ltr' id='par_1_3' title="bbox 370 4274 1657 5037">
     <span class='ocr_line' id='line_1_42' title="bbox 439 4274 1657 4362; baseline -0.007 -14"><span class='ocrx_word' id='word_1_457' title='bbox 439 4297 468 4331; x_wconf 71' lang='lat'>¹³</span> <span class='ocrx_word' id='word_1_458' title='bbox 485 4299 527 4348; x_wconf 79' lang='lat' dir='ltr'>ao</span> <span class='ocrx_word' id='word_1_459' title='bbox 547 4294 616 4362; x_wconf 66' lang='lat' dir='ltr'>oce]</span> <span class='ocrx_word' id='word_1_460' title='bbox 635 4296 739 4346; x_wconf 74' lang='lat' dir='ltr'>esaim.</span> <span class='ocrx_word' id='word_1_461' title='bbox 752 4296 854 4346; x_wconf 80' lang='lat' dir='ltr'>xvim</span> <span class='ocrx_word' id='word_1_462' title='bbox 869 4294 909 4345; x_wconf 85' lang='lat'>13.</span> <span class='ocrx_word' id='word_1_463' title='bbox 962 4295 973 4325; x_wconf 80' lang='lat'>³</span> <span class='ocrx_word' id='word_1_464' title='bbox 991 4295 1075 4345; x_wconf 74' lang='lat' dir='ltr'>utera</span> <span class='ocrx_word' id='word_1_465' title='bbox 1092 4298 1118 4345; x_wconf 73' lang='lat' dir='ltr'>a</span> <span class='ocrx_word' id='word_1_466' title='bbox 1135 4298 1193 4347; x_wconf 67' lang='lat' dir='ltr'>coa.</span> <span class='ocrx_word' id='word_1_467' title='bbox 1206 4296 1296 4362; x_wconf 63' lang='lat' dir='ltr'>‚inque</span> <span class='ocrx_word' id='word_1_468' title='bbox 1314 4274 1365 4345; x_wconf 58' lang='lat' dir='ltr'>aa.</span> <span class='ocrx_word' id='word_1_469' title='bbox 1429 4295 1499 4347; x_wconf 78' lang='lat' dir='ltr'>sav.</span> <span class='ocrx_word' id='word_1_470' title='bbox 1519 4296 1657 4345; x_wconf 66' lang='lat' dir='ltr'>prierint.</span> 
     </span>
     <span class='ocr_line' id='line_1_43' title="bbox 372 4377 1657 4448; baseline -0.006 -15"><span class='ocrx_word' id='word_1_471' title='bbox 372 4383 382 4411; x_wconf 69' lang='lat'>³¹</span> <span class='ocrx_word' id='word_1_472' title='bbox 400 4382 515 4448; x_wconf 83' lang='lat' dir='ltr'>Revela]</span> <span class='ocrx_word' id='word_1_473' title='bbox 535 4382 638 4432; x_wconf 86' lang='lat' dir='ltr'>Psalm.</span> <span class='ocrx_word' id='word_1_474' title='bbox 653 4381 779 4431; x_wconf 84' lang='lat' dir='ltr'>CXVIII.</span> <span class='ocrx_word' id='word_1_475' title='bbox 795 4380 834 4430; x_wconf 88' lang='lat'>18.</span> <span class='ocrx_word' id='word_1_476' title='bbox 889 4380 900 4411; x_wconf 82' lang='lat'><strong>⁶</strong></span> <span class='ocrx_word' id='word_1_477' title='bbox 918 4379 1033 4429; x_wconf 86' lang='lat' dir='ltr'>lucerna</span> <span class='ocrx_word' id='word_1_478' title='bbox 1051 4378 1111 4444; x_wconf 79' lang='lat' dir='ltr'>ete]</span> <span class='ocrx_word' id='word_1_479' title='bbox 1130 4380 1233 4430; x_wconf 84' lang='lat' dir='ltr'>Psalm.</span> <span class='ocrx_word' id='word_1_480' title='bbox 1248 4380 1371 4430; x_wconf 82' lang='lat' dir='ltr'>CXVIII.</span> <span class='ocrx_word' id='word_1_481' title='bbox 1389 4378 1446 4429; x_wconf 71' lang='lat'><strong>105.</strong></span> <span class='ocrx_word' id='word_1_482' title='bbox 1482 4378 1494 4410; x_wconf 84' lang='lat'><strong>⁹</strong></span> <span class='ocrx_word' id='word_1_483' title='bbox 1513 4377 1571 4443; x_wconf 84' lang='lat' dir='ltr'>rex]</span> <span class='ocrx_word' id='word_1_484' title='bbox 1590 4377 1657 4428; x_wconf 86' lang='lat' dir='ltr'>Chri·</span> 
     </span>
     <span class='ocr_line' id='line_1_44' title="bbox 371 4446 1656 4531; baseline -0.005 -16"><span class='ocrx_word' id='word_1_485' title='bbox 371 4473 438 4517; x_wconf 88' lang='lat' dir='ltr'>stus.</span> <span class='ocrx_word' id='word_1_486' title='bbox 497 4464 884 4530; x_wconf 76' lang='lat' dir='ltr'>¹⁰utscias11sat.vt1.15.</span> <span class='ocrx_word' id='word_1_487' title='bbox 956 4463 977 4495; x_wconf 78' lang='lat'>¹⁸</span> <span class='ocrx_word' id='word_1_488' title='bbox 994 4463 1105 4529; x_wconf 81' lang='lat' dir='ltr'>philos]</span> <span class='ocrx_word' id='word_1_489' title='bbox 1130 4446 1200 4531; x_wconf 62' lang='lat' dir='ltr'>phu}</span> <span class='ocrx_word' id='word_1_490' title='bbox 1229 4466 1286 4515; x_wconf 85' lang='lat' dir='ltr'>cod.</span> <span class='ocrx_word' id='word_1_491' title='bbox 1377 4464 1521 4514; x_wconf 84' lang='lat' dir='ltr'>Entellum</span> <span class='ocrx_word' id='word_1_492' title='bbox 1545 4461 1602 4527; x_wconf 79' lang='lat' dir='ltr'>ete]</span> <span class='ocrx_word' id='word_1_493' title='bbox 1626 4460 1656 4510; x_wconf 86' lang='lat' dir='ltr'>cl.</span> 
     </span>
     <span class='ocr_line' id='line_1_45' title="bbox 371 4548 1656 4615; baseline -0.004 -17"><span class='ocrx_word' id='word_1_494' title='bbox 371 4550 476 4614; x_wconf 79' lang='lat' dir='ltr'>vergit.</span> <span class='ocrx_word' id='word_1_495' title='bbox 490 4552 558 4600; x_wconf 84' lang='lat' dir='ltr'>Aen.</span> <span class='ocrx_word' id='word_1_496' title='bbox 571 4552 604 4600; x_wconf 85' lang='lat' dir='ltr'>V.</span> <span class='ocrx_word' id='word_1_497' title='bbox 618 4549 677 4601; x_wconf 75' lang='lat' dir='ltr'>aot.</span> <span class='ocrx_word' id='word_1_498' title='bbox 692 4567 750 4615; x_wconf 90' lang='lat' dir='ltr'>sqq.</span> <span class='ocrx_word' id='word_1_499' title='bbox 786 4548 913 4598; x_wconf 88' lang='lat' dir='ltr'>Entellus</span> <span class='ocrx_word' id='word_1_500' title='bbox 931 4548 1015 4598; x_wconf 81' lang='lat' dir='ltr'>Croto</span> <span class='ocrx_word' id='word_1_501' title='bbox 1033 4549 1060 4598; x_wconf 90' lang='lat' dir='ltr'>h.</span> <span class='ocrx_word' id='word_1_502' title='bbox 1074 4549 1092 4598; x_wconf 91' lang='lat' dir='ltr'>l.</span> <span class='ocrx_word' id='word_1_503' title='bbox 1105 4549 1244 4599; x_wconf 85' lang='lat' dir='ltr'>Lutherus</span> <span class='ocrx_word' id='word_1_504' title='bbox 1262 4551 1323 4614; x_wconf 88' lang='lat' dir='ltr'>ipss</span> <span class='ocrx_word' id='word_1_505' title='bbox 1343 4553 1399 4606; x_wconf 85' lang='lat' dir='ltr'>est,</span> <span class='ocrx_word' id='word_1_506' title='bbox 1422 4550 1514 4599; x_wconf 84' lang='lat' dir='ltr'>Dares</span> <span class='ocrx_word' id='word_1_507' title='bbox 1533 4548 1656 4599; x_wconf 81' lang='lat' dir='ltr'>Silvester</span> 
     </span>
     <span class='ocr_line' id='line_1_46' title="bbox 370 4630 1655 4700; baseline 0 -19"><span class='ocrx_word' id='word_1_508' title='bbox 370 4634 503 4682; x_wconf 84' lang='lat' dir='ltr'>PrierIns.</span> <span class='ocrx_word' id='word_1_509' title='bbox 574 4634 631 4666; x_wconf 59' lang='lat'>¹²²⁰</span> <span class='ocrx_word' id='word_1_510' title='bbox 649 4631 821 4700; x_wconf 84' lang='lat' dir='ltr'>capricorno]</span> <span class='ocrx_word' id='word_1_511' title='bbox 840 4633 915 4683; x_wconf 80' lang='lat' dir='ltr'>Beck</span> <span class='ocrx_word' id='word_1_512' title='bbox 933 4633 1032 4682; x_wconf 72' lang='lat' dir='ltr'>Emer.</span> <span class='ocrx_word' id='word_1_513' title='bbox 1085 4630 1107 4663; x_wconf 73' lang='lat'>²¹</span> <span class='ocrx_word' id='word_1_514' title='bbox 1124 4632 1286 4696; x_wconf 80' lang='lat' dir='ltr'>Polycletus</span> <span class='ocrx_word' id='word_1_515' title='bbox 1304 4631 1452 4695; x_wconf 81' lang='lat' dir='ltr'>Sicyonius</span> <span class='ocrx_word' id='word_1_516' title='bbox 1471 4633 1655 4683; x_wconf 80' lang='lat' dir='ltr'>celeberrimus</span> 
     </span>
     <span class='ocr_line' id='line_1_47' title="bbox 371 4714 1655 4783; baseline 0.003 -20"><span class='ocrx_word' id='word_1_517' title='bbox 371 4714 507 4778; x_wconf 86' lang='lat' dir='ltr'>sculptor,</span> <span class='ocrx_word' id='word_1_518' title='bbox 534 4716 618 4766; x_wconf 84' lang='lat' dir='ltr'>Croto</span> <span class='ocrx_word' id='word_1_519' title='bbox 642 4734 656 4767; x_wconf 92' lang='lat' dir='ltr'>e</span> <span class='ocrx_word' id='word_1_520' title='bbox 674 4717 767 4768; x_wconf 88' lang='lat' dir='ltr'>Plinio</span> <span class='ocrx_word' id='word_1_521' title='bbox 785 4722 875 4767; x_wconf 84' lang='lat' dir='ltr'>notus.</span> <span class='ocrx_word' id='word_1_522' title='bbox 967 4718 1001 4768; x_wconf 90' lang='lat' dir='ltr'>de</span> <span class='ocrx_word' id='word_1_523' title='bbox 1025 4716 1147 4767; x_wconf 85' lang='lat' dir='ltr'>victibus</span> <span class='ocrx_word' id='word_1_524' title='bbox 1170 4719 1228 4767; x_wconf 87' lang='lat' dir='ltr'>cod.</span> <span class='ocrx_word' id='word_1_525' title='bbox 1244 4719 1293 4767; x_wconf 81' lang='lat' dir='ltr'>aed</span> <span class='ocrx_word' id='word_1_526' title='bbox 1309 4718 1346 4767; x_wconf 85' lang='lat' dir='ltr'>od</span> <span class='ocrx_word' id='word_1_527' title='bbox 1360 4733 1442 4783; x_wconf 77' lang='lat' dir='ltr'>marg.</span> <span class='ocrx_word' id='word_1_528' title='bbox 1461 4721 1496 4768; x_wconf 84' lang='lat' dir='ltr'>al.</span> <span class='ocrx_word' id='word_1_529' title='bbox 1514 4735 1545 4768; x_wconf 81' lang='grc' dir='ltr'>ιιι.</span> <span class='ocrx_word' id='word_1_530' title='bbox 1563 4714 1655 4780; x_wconf 66' lang='lat' dir='ltr'>scripti!</span> 
     </span>
     <span class='ocr_line' id='line_1_48' title="bbox 372 4796 1652 4867; baseline 0 -19"><span class='ocrx_word' id='word_1_531' title='bbox 372 4798 456 4846; x_wconf 86' lang='lat' dir='ltr'>victis</span> <span class='ocrx_word' id='word_1_532' title='bbox 524 4796 545 4828; x_wconf 74' lang='lat'>²³</span> <span class='ocrx_word' id='word_1_533' title='bbox 563 4799 675 4865; x_wconf 86' lang='lat' dir='ltr'>Leonis]</span> <span class='ocrx_word' id='word_1_534' title='bbox 695 4803 815 4866; x_wconf 78' lang='lat' dir='ltr'>mnbtpue.</span> <span class='ocrx_word' id='word_1_535' title='bbox 885 4800 908 4833; x_wconf 79' lang='lat'>²⁷</span> <span class='ocrx_word' id='word_1_536' title='bbox 930 4817 985 4866; x_wconf 86' lang='lat' dir='ltr'>qus</span> <span class='ocrx_word' id='word_1_537' title='bbox 1007 4798 1099 4867; x_wconf 88' lang='lat' dir='ltr'>dere]</span> <span class='ocrx_word' id='word_1_538' title='bbox 1123 4801 1160 4851; x_wconf 84' lang='lat' dir='ltr'>cl.</span> <span class='ocrx_word' id='word_1_539' title='bbox 1174 4802 1256 4867; x_wconf 87' lang='lat' dir='ltr'>epist.</span> <span class='ocrx_word' id='word_1_540' title='bbox 1269 4816 1349 4850; x_wconf 76' lang='lat' dir='ltr'>mer..</span> <span class='ocrx_word' id='word_1_541' title='bbox 1362 4816 1438 4852; x_wconf 75' lang='lat' dir='ltr'>cerv.</span> <span class='ocrx_word' id='word_1_542' title='bbox 1509 4798 1533 4832; x_wconf 82' lang='lat'>³¹</span> <span class='ocrx_word' id='word_1_543' title='bbox 1549 4798 1652 4849; x_wconf 71' lang='lat' dir='ltr'>laddidi·</span> 
     </span>
     <span class='ocr_line' id='line_1_49' title="bbox 372 4877 1651 4951; baseline 0.004 -24"><span class='ocrx_word' id='word_1_544' title='bbox 372 4877 394 4909; x_wconf 87' lang='lat'>³³</span> <span class='ocrx_word' id='word_1_545' title='bbox 413 4880 472 4928; x_wconf 84' lang='lat' dir='ltr'>Cic.</span> <span class='ocrx_word' id='word_1_546' title='bbox 486 4895 535 4943; x_wconf 87' lang='lat' dir='ltr'>pro</span> <span class='ocrx_word' id='word_1_547' title='bbox 553 4882 632 4931; x_wconf 89' lang='lat' dir='ltr'>domo</span> <span class='ocrx_word' id='word_1_548' title='bbox 649 4885 711 4946; x_wconf 81' lang='lat'>5,12.</span> <span class='ocrx_word' id='word_1_549' title='bbox 730 4887 823 4948; x_wconf 88' lang='lat' dir='ltr'>„Quid</span> <span class='ocrx_word' id='word_1_550' title='bbox 841 4887 864 4935; x_wconf 90' lang='lat' dir='ltr'>si</span> <span class='ocrx_word' id='word_1_551' title='bbox 919 4890 949 4934; x_wconf 92' lang='lat' dir='ltr'>tn</span> <span class='ocrx_word' id='word_1_552' title='bbox 968 4886 998 4933; x_wconf 89' lang='lat' dir='ltr'>in</span> <span class='ocrx_word' id='word_1_553' title='bbox 1015 4886 1067 4935; x_wconf 89' lang='lat' dir='ltr'>hoe</span> <span class='ocrx_word' id='word_1_554' title='bbox 1085 4885 1198 4935; x_wconf 88' lang='lat' dir='ltr'>hulcere</span> <span class='ocrx_word' id='word_1_555' title='bbox 1218 4892 1358 4949; x_wconf 80' lang='lat' dir='ltr'>tamqnam</span> <span class='ocrx_word' id='word_1_556' title='bbox 1376 4887 1479 4951; x_wconf 84' lang='lat' dir='ltr'>unguis</span> <span class='ocrx_word' id='word_1_557' title='bbox 1498 4882 1651 4950; x_wconf 72' lang='lat' dir='ltr'>earisteresl&#39;¹</span> 
     </span>
     <span class='ocr_line' id='line_1_50' title="bbox 372 4961 1565 5037; baseline -0.001 -18"><span class='ocrx_word' id='word_1_558' title='bbox 372 4961 395 4992; x_wconf 75' lang='lat'>³⁵</span> <span class='ocrx_word' id='word_1_559' title='bbox 413 4964 474 5012; x_wconf 71' lang='lat' dir='ltr'>unis</span> <span class='ocrx_word' id='word_1_560' title='bbox 492 4962 592 5030; x_wconf 72' lang='lat' dir='ltr'>literis]</span> <span class='ocrx_word' id='word_1_561' title='bbox 611 4966 776 5031; x_wconf 67' lang='lat' dir='ltr'>erroreum</span> <span class='ocrx_word' id='word_1_562' title='bbox 794 4968 842 5019; x_wconf 77' lang='lat' dir='ltr'>dcc.</span> <span class='ocrx_word' id='word_1_563' title='bbox 862 4970 899 5019; x_wconf 85' lang='lat' dir='ltr'>cl.</span> <span class='ocrx_word' id='word_1_564' title='bbox 912 4985 939 5034; x_wconf 90' lang='lat' dir='ltr'>p.</span> <span class='ocrx_word' id='word_1_565' title='bbox 953 4968 1012 5019; x_wconf 79' lang='lat'><strong>320.</strong></span> <span class='ocrx_word' id='word_1_566' title='bbox 1026 4971 1044 5019; x_wconf 94' lang='lat' dir='ltr'>i.</span> <span class='ocrx_word' id='word_1_567' title='bbox 1059 4970 1079 5019; x_wconf 85' lang='lat' dir='ltr'>l.</span> <span class='ocrx_word' id='word_1_568' title='bbox 1131 4968 1154 5001; x_wconf 78' lang='lat'>³⁹</span> <span class='ocrx_word' id='word_1_569' title='bbox 1171 4982 1251 5019; x_wconf 81' lang='lat' dir='ltr'>susm</span> <span class='ocrx_word' id='word_1_570' title='bbox 1268 4974 1294 5019; x_wconf 77' lang='lat' dir='ltr'>to</span> <span class='ocrx_word' id='word_1_571' title='bbox 1313 4972 1565 5037; x_wconf 61' lang='lat' dir='ltr'>commendetur.</span> 
     </span>
    </p>
   </div>
   <div class='ocr_carea' id='block_1_4' title="bbox 0 0 1975 5950">
    <p class='ocr_par' dir='ltr' id='par_1_4' title="bbox 0 0 1975 5950">
     <span class='ocr_line' id='line_1_51' title="bbox 0 0 1975 5950; baseline 0 0"><span class='ocrx_word' id='word_1_572' title='bbox 0 0 1975 5950; x_wconf 95' lang='lat' dir='ltr'> </span> 
     </span>
    </p>
   </div>
  </div>
 </body>
</html>
