3917 5950
331 653 458 707 xxm
485 660 876 706 tauranirarmsrrcrrcm.
903 662 1003 705 aron.
1018 667 1461 707 sasernasrousrouaxnuama.
1501 641 1573 713 113

433 822 603 905 Despiciunt
623 823 726 887 Veneti
748 825 826 887 cives
846 832 893 896 te,
917 823 1010 887 Gallia
1030 825 1142 896 temnit,

503 925 557 987 Vix
578 924 688 1006 aliquid
710 933 812 1004 sperat
833 927 964 1006 quisquis
986 927 1098 989 amicus
1119 927 1215 995 adest;

432 1028 597 1106 Fingrmtur
617 1027 721 1089 mediis
742 1029 773 1089 in
794 1035 824 1089 te
845 1030 943 1089 omnia
964 1029 1061 1106 turpia
1084 1029 1187 1089 soranis

364 1148 402 1190 aas
501 1128 736 1208 Contemptuque
758 1137 861 1190 carent
881 1129 962 1191 uuila
984 1130 1098 1190 theatra
1121 1131 1178 1198 tui;

255 1222 257 1227 ’
432 1231 549 1301 Audivi,
572 1231 742 1310 muniuit,
764 1233 882 1292 rec-itari
905 1232 1035 1293 earmina
1058 1231 1095 1292 tle
1117 1239 1154 1300 te,
1236 1256 1240 1263 ·

439 1375 445 1384 -
503 1332 539 1393 Et
561 1333 611 1411 qui
634 1339 669 1394 te
685 1333 777 1403 ridet,
799 1334 968 1412 ingeniosus
990 1334 1015 1393 is
1037 1341 1090 1402 est,

433 1434 527 1512 Atque
549 1433 653 1512 aliquis
674 1434 772 1496 medio
794 1436 852 1494 iam
874 1433 919 1495 sol
940 1435 991 1495 ubi
1013 1434 1091 1496 lucet
1112 1433 1239 1514 olympo,

364 1553 404 1594 ato
502 1536 633 1596 Accensa
655 1537 760 1613 qtraerit
780 1534 890 1597 lumine
913 1535 1010 1596 Caesar
1031 1536 1082 1597 ubi
1104 1545 1156 1597 est.

434 1634 528 1706 Onam
550 1637 605 1696 fuit
624 1629 778 1715 indignum
801 1636 852 1698 tibi
875 1655 935 1697 non
957 1655 1062 1714 parere
1084 1637 1205 1707 iubenti,

504 1737 578 1798 Tam
601 1745 650 1799 tua
671 1734 808 1799 maiestas
830 1737 898 1799 laesa
920 1738 1029 1800 tuenda
1051 1740 1137 1800 venit.

433 1838 489 1902 Per
511 1857 605 1918 genus
626 1842 778 1919 egregium
801 1839 945 1919 clarisque
966 1842 1090 1919 insignia
1113 1842 1197 1902 iactis
1311 1876 1317 1888 ·

365 1960 403 2000 au
502 1941 640 2018 Sceptra,
664 1959 717 2020 per
739 1943 897 2002 Austriarae
920 1948 1074 2003 stemmata
1097 1942 1174 2002 clam
1197 1941 1310 2011 domus,

433 2041 490 2102 Per
511 2043 602 2109 decus
623 2045 739 2122 imperii
761 2045 1001 2121 maiestatemque
1022 2044 1189 2113 verendam,

504 2144 562 2205 Per
584 2145 633 2223 qui
655 2152 684 2204 te
706 2145 752 2205 his
773 2144 863 2206 rebus
885 2162 1073 2222 praeposuere
1096 2145 1177 2211 deos.

378 2323 383 2334 Ι
432 2244 548 2325 Perque
570 2246 627 2315 tui,
650 2247 764 2307 iaceant
786 2265 851 2325 quae
873 2245 1014 2317 molliter,
1039 2266 1104 2332 ossa
1127 2248 1265 2326 pareuu's,

366 2366 404 2406 aas
502 2347 559 2409 Per
582 2366 647 2426 quae
668 2354 698 2408 te
720 2349 885 2409 insomnem
907 2367 978 2409 cura
1001 2350 1116 2427 nepotis
1138 2350 1206 2427 agit,

434 2449 549 2528 Rumpe
571 2466 684 2520 moras,
708 2468 776 2518 oro,
799 2451 953 2527 ieronem
975 2450 1125 2529 rebusque
1149 2452 1266 2514 caducis

504 2551 650 2612 Auxilium
672 2559 780 2636 praesta
801 2552 1002 2630 suppetiisque
1024 2551 1102 2612 leva:

433 2653 481 2713 Sic
503 2652 556 2714 tibi
577 2671 666 2732 quarn
688 2671 754 2714 sera
776 2661 836 2723 est,
860 2660 919 2713 tam
941 2671 1001 2712 non
1024 2652 1178 2732 elangueat
1200 2664 1289 2725 atas„

366 2773 405 2812 aaa
504 2755 552 2815 Sio
574 2761 695 2832 superet
717 2753 788 2816 olari
811 2753 934 2816 Carolus
956 2762 1021 2816 aeta
1042 2758 1149 2834 patris:

433 2855 505 2927 Quae
526 2858 584 2917 iarn
606 2854 693 2934 plane
714 2874 834 2918 omnem
856 2857 940 2917 amisi
962 2876 1122 2937 vocemque
1145 2858 1342 2937 coloremque,

504 2949 659 3021 Absimilis'
672 2977 733 3019 non
755 2965 801 3020 est
822 2959 906 3020 cuius
927 2960 1025 3039 imago
1047 2961 1122 3031 neci,
1157 2948 1165 2963 ⁹

433 3061 527 3133 Quam
550 3080 635 3123 casus
656 3063 790 3123 minuere
812 3079 931 3141 graves,
947 3081 1020 3141 quae
1041 3045 1157 3124 mortua
1181 3063 1295 3133 credor,
1368 3071 1371 3075 ’

367 3184 404 3224 aaa
504 3164 654 3244 Exurgam
676 3164 803 3228 adventu
825 3164 1035 3244 prosiliamque
1057 3172 1117 3226 tuo.

761 3321 763 3325 -
853 3282 1002 3345 Bononiae.

299 3570 449 3604 nrrsmt.
913 3556 943 3616 2,

828 3706 1033 3757 RESPONSIO

645 3793 969 3852 MAXIMILIANJ
994 3797 1087 3852 AVG
1102 3796 1211 3853 VSTI

540 3892 689 3953 HELIO
716 3892 909 3954 EOBANO
932 3894 1083 3974 HESSO
1111 3894 1318 3956 AVTORE.

567 4061 863 4113 MAXIMILIANVS
889 4062 1090 4114 AVGVSTVS
1116 4063 1287 4114 ITALIAE.

428 4182 567 4257 &dimus
583 4182 710 4256 afflictae
732 4184 904 4258 lachrymas
925 4191 954 4242 et
969 4185 1060 4243 verbu
1076 4189 1229 4259 precantis

504 4286 657 4344 Aemilium
679 4292 789 4345 nostroe
809 4286 865 4343 sed
880 4292 978 4344 tomen
997 4285 1116 4358 Iterum·

846 4401 1013 4412 ————

561 4451 805 4519 a...5‘=1n‹ue.
824 4470 953 4536 bibliagr.
974 4469 1289 4532 n⁰.x1.2...4.(et5.)o.

346 4620 380 4656 ¹³⁵
398 4621 488 4676 scenis
501 4626 526 4676 1.
561 4623 673 4676 scoenis
686 4627 740 4675 45.
777 4620 812 4657 ²⁴⁰
830 4626 921 4690 querit
934 4629 958 4675 2.
998 4625 1040 4675 cf.
1062 4626 1222 4691 epigramm.
1248 4641 1298 4692 pro
1316 4623 1460 4688 Pasquillo
1479 4624 1574 4674 Romae

277 4710 390 4772 „Anxia
406 4703 546 4762 lustrato*
604 4706 638 4742 ⁸⁴⁸
656 4708 776 4776 nepotis]
796 4710 890 4760 Caroli
902 4711 934 4761 V.
996 4710 1030 4744 ²⁵⁰
1047 4708 1141 4777 presta
1159 4708 1186 4759 2?
1248 4709 1282 4742 ²⁵⁷
1299 4704 1381 4760 τέλοσ
1397 4710 1540 4760 Bononiae.
1549 4711 1574 4760 1.
1688 4759 1692 4765 ,

277 4785 305 4845 ί
323 4793 410 4846 Finis
428 4794 569 4847 Bononiae.
578 4797 604 4846 3.
640 4795 774 4847 Bononiae
789 4798 926 4845 ernisto.

347 4878 478 4948 nanta]
496 4883 609 4934 dem
625 4897 662 4936 ea·
673 4885 699 4932 2.
724 4897 918 4932 nasrousonra
936 4898 973 4932 an
993 4897 1110 4932 inaurari
1124 4895 1308 4932 uaxrurnraur
1322 4895 1445 4930 emanans
1464 4896 1574 4932 avronrr

277 4969 831 5033 unrosomomeorumnam-m.
869 4967 945 5036 avo]
966 4968 1149 5019 Caesar3...5.
1204 4964 1366 5017 ²adfl.⁴i.5.
1402 4965 1534 5016 lacrimas
1547 4970 1573 5018 5.

338 5051 467 5106 Emm
479 5049 664 5106 onmem.
1301 5059 1308 5073 “
1335 5052 1354 5114 8
