3917 5950
280 665 287 673 “
322 630 394 704 440
449 641 557 695 CCXII.
573 651 1293 692 runsnunoorcv1inscnrnrvursrnocnsrnunvs
1308 654 1407 689 ossus.
1429 646 1490 687 isio.

260 836 263 842 ’
323 822 505 884 versitatum,
535 819 575 873 ad
601 831 711 888 repcm,
741 815 780 871 od
805 814 955 885 principes
977 813 1154 880 Germanice,
1184 813 1229 869 bis
1256 812 1355 870 dicbus
1382 815 1513 880 advenit,
1543 813 1619 870 baud

324 908 454 970 dubium,
477 909 509 957 ut
530 908 572 957 est
594 903 756 972 impotentis
776 901 844 966 irec,
873 900 999 954 Latbero
1023 916 1081 970 per
1105 900 1218 954 Bullam
1247 907 1274 953 et
1295 893 1618 955 excommunicationem

323 991 493 1049 conculcata
507 987 654 1041 insultabit
673 987 888 1069 contumeliose,
912 986 1016 1039 ueteris
1037 986 1114 1040 illius
1135 986 1277 1055 opinionis
1291 987 1431 1056 reliquias
1446 986 1618 1056 proflipabit,

324 1077 418 1133 omnio
434 1073 571 1128 librorum
587 1070 829 1126 Lutberianarum
852 1071 1032 1140 erenrplaria
1055 1072 1119 1143 ipue
1141 1071 1267 1125 abolebit.
1305 1078 1468 1120 LVPOLDVS·
1498 1069 1546 1139 Io,
1568 1072 1622 1122 erit

286 1221 290 1227 ,
324 1163 353 1216 in
376 1174 437 1213 rem
459 1158 680 1228 impressorum,
711 1173 784 1212 noae
806 1157 909 1209 iterum
931 1156 1090 1221 excudent,
1119 1156 1220 1224 quibus
1242 1155 1308 1209 binc
1328 1158 1525 1227 promptiores
1546 1156 1641 1208 inre-⁵

324 1247 403 1301 nient
424 1250 582 1311 emptores,
605 1259 668 1296 cum
682 1239 777 1312 ferme
792 1242 943 1310 cupiamus
958 1256 1023 1310 qteee
1039 1242 1122 1294 uetito
1138 1246 1204 1294 sient
1217 1255 1400 1310 pernoscere.
1437 1247 1521 1288 11118.
1538 1239 1621 1293 Clau·

325 1329 427 1387 dendee
449 1328 537 1398 ipitur
559 1327 691 1382 uidentur
714 1325 840 1397 officinis
862 1327 1039 1391 excesserim,
1070 1339 1105 1380 ne
1127 1326 1156 1380 in
1180 1332 1307 1380 nostrum
1328 1327 1487 1395 perniciem
1511 1303 1623 1379 codiee}

321 1416 403 1486 pleni
430 1412 535 1466 iudicio
563 1411 802 1481 multiplicentur,
836 1412 939 1480 quibus
965 1411 1097 1464 debemus
1124 1417 1255 1465 renatam
1285 1413 1489 1475 cruditionem,
1519 1427 1537 1462 a
1565 1425 1622 1479 qnia

326 1498 406 1554 nobis
434 1502 515 1552 tanta
543 1497 728 1550 incommodo.
773 1503 916 1544 ttocttsrlt.
947 1494 1010 1549 Non
1039 1497 1151 1550 ornnino
1173 1497 1354 1563 claudentur,
1385 1513 1453 1549 narn
1477 1493 1621 1548 Dormise·

326 1597 421 1647 cterte,
450 1579 674 1646 Mummotrecti‚
704 1580 838 1652 Capreoli
863 1585 891 1635 et
918 1579 1004 1634 buius
1034 1582 1149 1651 pencris
1179 1580 1336 1636 Christiani
1367 1588 1486 1635 aratores
1515 1587 1652 1649 partemio

327 1668 511 1732 intelti‘sunt,
541 1666 692 1721 nuolcrum
720 1668 811 1722 indies
840 1666 1002 1736 aupendum
1025 1666 1198 1736 retrabimus.
1245 1664 1433 1731 Oteamobrem
1457 1681 1536 1719 reurrc
1558 1678 1623 1733 ope·

328 1769 392 1808 ram
414 1753 485 1807 deret
508 1750 737 1819 Rbomancnses,
759 1759 791 1805 ut
814 1766 865 1806 reos
887 1751 1042 1804 autoritate
1065 1752 1149 1805 etiam
1173 1750 1307 1806 Caesarea
1325 1752 1494 1822 praeficiunt
1517 1750 1624 1803 iudices

328 1838 409 1894 libris
430 1837 534 1906 ubique
555 1837 747 1902 excudendis,
771 1837 810 1889 ita
833 1842 864 1890 nt
885 1836 946 1889 sine
968 1844 1066 1890 nostro
1087 1835 1231 1908 suffrupio
1246 1837 1317 1892 rtibit
1327 1838 1430 1906 proelis
1444 1836 1623 1889 adoriuntur.

329 1924 382 1978 boc
410 1922 522 1993 inpenia
548 1921 627 1993 sorte
656 1923 884 1992 supprimamus,
914 1921 998 1974 immo
1022 1922 1222 1992 eetiupuemus
1248 1923 1348 1977 literas
1374 1928 1402 1976 et
1427 1920 1624 1991 posteritatem

329 2006 447 2064 similem
470 2006 549 2061 nabis
571 2006 737 2072 reddemus,
761 2008 899 2078 siquidem
916 2006 955 2060 ael
969 2010 1103 2061 arctorum
1119 2014 1253 2060 rrnturnm
1276 2007 1396 2061 lectores
1416 2004 1653 2076 propemodumts

330 2093 524 2148 detrudantur.
563 2097 646 2138 ests.
675 2090 782 2145 Vereor
804 2106 839 2146 ne
861 2091 970 2160 equites
986 2089 1124 2145 Gerotnni
1143 2094 1173 2146 in
1195 2093 1256 2146 suis
1278 2092 1409 2157 arcibus,
1433 2105 1509 2162 oeteis
1524 2089 1625 2142 babent

274 2193 277 2198 ·
330 2176 550 2243 munitissimus,
578 2172 692 2245 fociant
714 2177 823 2230 cecedi
843 2182 902 2229 tum
925 2175 1014 2230 bareos
1036 2176 1151 2243 literas,
1174 2181 1232 2230 tum
1255 2183 1361 2229 nostrae
1383 2175 1550 2246 tyrannidis
1571 2174 1625 2226 cri·

332 2264 515 2328 minutiones:
549 2266 721 2330 emptorem,
744 2260 937 2330 diriperet,
966 2262 1068 2314 sottem
1091 2261 1230 2315 occultum
1253 2261 1325 2314 nibil
1350 2260 1574 2323 desiderabunt,
1601 2262 1626 2309 ct

331 2347 436 2400 maiori
457 2351 515 2399 tum
538 2346 601 2400 edio
622 2345 822 2417 precabimur,
852 2345 902 2415 qui
922 2345 964 2398 sic
987 2346 1117 2400 ridemur
1139 2351 1239 2400 nostro
1263 2347 1330 2400 eilia
1352 2347 1445 2417 mapis
1468 2352 1499 2398 ut
1522 2346 1627 2398 lateant

332 2448 418 2502 quam
441 2437 472 2484 ut
494 2430 681 2500 corripientur
703 2429 859 2483 laborasse.
905 2436 1048 2480 ttaettsrn.
1084 2429 1164 2485 Idem
1186 2445 1237 2501 epo
1257 2429 1397 2502 formido,
1421 2429 1512 2485 nibilo
1535 2434 1654 2481 tomeun

332 2516 426 2570 secius
449 2515 675 2583 pertentandum
702 2520 758 2580 est,
790 2515 923 2584 quoniam
953 2514 1039 2568 buires
1069 2515 1181 2569 consilii
1207 2516 1233 2570 si
1258 2532 1314 2570 non
1337 2521 1438 2582 autor,
1468 2518 1548 2567 certe
1570 2513 1626 2566 dne

333 2599 388 2653 erit
417 2599 560 2652 nobiscum
591 2598 788 2669 Hieronymus
815 2599 862 2653 ille
891 2598 1050 2665 Alearrdcr,
1082 2601 1132 2670 qui
1158 2601 1267 2666 nutritis,
1301 2607 1332 2654 ut
1359 2601 1432 2664 scis,
1463 2598 1577 2653 ridetur
1600 2597 1626 2648 in

333 2689 459 2753 utraque
481 2683 580 2753 iinpun
602 2698 658 2737 reon
681 2684 793 2738 omnino
820 2684 945 2752 pessime
967 2685 1083 2750 doctus,
1113 2685 1168 2739 sibi
1195 2691 1288 2738 anetem
1317 2685 1369 2738 uni
1396 2685 1480 2754 lonpe
1510 2682 1626 2736 omnium

333 2769 527 2834 doctissimus,
551 2769 622 2822 odeo
645 2773 676 2822 ut
697 2769 774 2822 inter
796 2768 975 2823 academicos
991 2767 1090 2822 Romae
1114 2770 1223 2840 quoties
1243 2770 1408 2839 indulpctur
1429 2768 1530 2839 penio,
1553 2767 1626 2820 toties

338 2898 514 2908 ——.--—
539 2901 547 2905 .

335 2948 408 2983 natu.
443 2932 529 2980 Venit
551 2932 594 2982 his
617 2932 714 2982 diebus
732 2933 917 2995 Hieronymus
935 2931 1065 2994 Alciden,
1089 2935 1133 2982 uir
1157 2932 1204 2983 iun
1222 2931 1371 2997 opinione!
1386 2930 1470 2998 longe
1489 2933 1627 2991 monimus,

336 3035 390 3067 non
410 3015 494 3066 solnm
513 3023 624 3082 propter
642 3017 766 3080 lingone,
793 3032 861 3081 qnos
886 3019 986 3067 eximie
1012 3018 1105 3068 callet.
1143 3019 1172 3067 Si
1188 3016 1191 3080 Ι
1208 3010 1317 3082 quidem
1340 3018 1451 3066 hebraea,
1474 3017 1517 3067 iili
1536 3033 1628 3066 tierne-

337 3103 401 3155 cula
415 3100 468 3164 eit‚
490 3118 583 3166 grceca
603 3118 619 3151 a
638 3117 722 3166 puero
736 3101 779 3150 illi
791 3102 904 3155 coaluit.
924 3103 1010 3153 latine
1027 3099 1031 3169 i
1048 3105 1111 3152 euti
1125 3103 1237 3164 didicit,
1258 3103 1366 3151 diutina
1380 3101 1566 3167 professione,
1588 3099 1628 3150 ied

338 3190 393 3238 osio
412 3187 584 3236 admirabilis
604 3183 655 3235 sibi
669 3187 780 3236 uidetur
798 3187 832 3236 ob
849 3185 852 3249 Ι
870 3188 1038 3252 antiquitate
1057 3188 1176 3253 generis,
1197 3188 1266 3236 Nnrn
1278 3187 1388 3236 ludaeos
1402 3191 1485 3235 nattis
1505 3184 1629 3249 ein-quie

338 3288 405 3338 gens
430 3272 574 3320 immodice
599 3268 743 3336 gleirintnr
772 3270 805 3320 do
830 3271 984 3333 Abrabam,
1015 3270 1201 3321 uetustissimo
1229 3270 1254 3321 ie
1280 3272 1414 3336 originem
1444 3272 1556 3320 ducere.
1591 3268 1629 3318 bn

338 3361 401 3407 aiiii
421 3354 585 3421 baptisatus
605 3353 652 3416 iia,
677 3354 807 3404 nescitur.
845 3355 927 3404 Certis
949 3353 990 3403 eit
1009 3371 1069 3404 cum
1089 3372 1143 3405 non
1163 3353 1219 3405 eise
1239 3354 1383 3421 phariseis,
1408 3356 1474 3419 quin
1493 3358 1529 3401 nb
1546 3354 1631 3402 credit

338 3439 546 3506 reiiurreetionie
559 3445 738 3501 mortuorum,
760 3440 859 3503 quanin
878 3440 948 3488 uiuit
961 3440 1076 3502 perinde
1095 3447 1152 3506 ntq3
1172 3456 1232 3490 enm
1252 3456 1364 3504 corpore
1385 3436 1420 3488 iit
1436 3437 1440 3501 Ι
1457 3444 1532 3488 totus
1552 3436 1630 3487 ienrcl

337 3527 489 3590 periturus,
510 3524 579 3573 adeo
598 3524 701 3573 nullum
716 3540 733 3572 a
747 3521 774 3573 ie
786 3540 900 3589 prauum
920 3525 1051 3573 effectum
1070 3522 1205 3588 abstinet,
1223 3522 1300 3590 {usqi
1315 3524 1350 3572 nd
1368 3521 1506 3572 insaniam
1527 3526 1629 3572 iracun-

338 3612 387 3659 dus
412 3607 468 3669 eit,
493 3606 764 3672 quouis-occasione
788 3609 896 3669 furens,
922 3606 1105 3672 impotens-itis
1129 3610 1308 3673 arrogantie,
1334 3610 1463 3658 ntrnritiae
1484 3609 1631 3674 inexplebi·

339 3777 379 3828 'eit
399 3778 513 3842 quiqui
533 3774 618 3842 postis
633 3774 637 3840 1
655 3777 797 3826 elaborato
819 3776 886 3840 itylo
906 3793 1005 3842 parare
1025 3777 1153 3840 gloriam,
1173 3777 1195 3827 &
1213 3780 1303 3843 peior,
1325 3780 1376 3843 quir
1395 3780 1441 3843 qni
1461 3779 1506 3827 uel
1521 3785 1631 3828 conetur

338 3863 366 3911 in
386 3860 568 3925 nr-ignmcnto
586 3859 709 3910 beneito.
745 3862 782 3910 nt
794 3862 849 3923 illi,
868 3877 903 3910 ne
916 3859 1039 3918 nescies,
1059 3860 1142 3911 cciiii
1155 3859 1322 3911 foelieiiiime
1339 3861 1467 3911 iimulntn
1481 3848 1630 3925 cie-licetio,

302 3956 305 3964 '
338 3944 560 3997 adChriitienos.
580 3946 685 3995 Nactus
700 3945 803 3994 eniitic
817 3942 964 3994 ostensam
979 3947 1140 4011 adaptat-nm
1155 3944 1371 4009 iliustrnldiniot‘r
1384 3941 1458 3996 sud&
1470 3945 1630 3997 obscurandi

338 4029 439 4080 Christi
450 4029 576 4095 gloriam,
590 4045 650 4094 quie
663 4029 715 4079 hoc
730 4026 820 4080 seculo
835 4032 909 4094 cepit
922 4028 1126 4094 rte-iiioreieere,
1139 4028 1630 4097 flaccescente[inperititi6e&1iesti·

339 4116 406 4165 ieris
424 4116 535 4165 homino
553 4113 778 4175 traditiuneoilis.
814 4116 886 4179 Iistp
901 4112 1050 4164 instructus
1067 4114 1158 4165 literis
1177 4116 1329 4182 pontificiis
1348 4132 1435 4181 nuper
1449 4118 1526 4165 uenit
1546 4116 1630 4180 perdi-

338 4206 427 4261 turae,
449 4200 553 4264 quentis
569 4195 573 4265 Ι
588 4195 692 4265 polest,
705 4185 817 4262 'optima
836 4213 931 4262 quieqi.
960 4198 991 4246 Id
1008 4214 1059 4247 nos
1073 4200 1183 4249 candidi
1196 4200 1314 4251 lectores
1328 4198 1398 4251 sciro
1411 4200 1496 4251 uolui.
1516 4195 1630 4261 Valeiei

396 4286 399 4290 ’
632 4283 702 4333 Hoec
721 4281 807 4331 affixa
826 4282 936 4331 fuerunt
954 4280 1090 4343 Coloniae,
1110 4285 1259 4334 Dominiea
1276 4280 1336 4350 poit

753 4367 872 4416 omnium
893 4363 1062 4427 iunctorum,
1082 4383 1109 4416 n.
1129 4383 1155 4417 n.
1175 4383 1220 4416 xx.

406 4456 466 4504 liae
483 4439 627 4516 exemplum
639 4458 740 4501 secutus
758 4458 796 4500 est

405 4538 421 4588 3
437 4557 473 4582 =
489 4538 637 4587 Miinchius
648 4536 717 4601 Epp.
737 4536 812 4585 obse.
832 4536 915 4585 viror.
928 4536 1005 4600 Lips.
1021 4533 1094 4583 1827.
1114 4533 1150 4603 89.
1169 4552 1195 4600 ρ.
1209 4533 1349 4586 325...350.
1369 4540 1419 4601 qni,
1439 4544 1467 4584 ut
1477 4540 1567 4586 solitum
1575 4539 1631 4599 licit,

337 4637 373 4671 er
391 4624 447 4670 aliis
464 4625 627 4685 neplepenter
642 4620 839 4669 transcribendo
857 4622 897 4669 uel
912 4620 944 4668 de
962 4620 1042 4682 ipsius
1059 4620 1137 4668 libelli
1153 4621 1263 4670 editione
1278 4620 1349 4682 salso
1363 4624 1481 4684 protulit.

406 4707 545 4754 Hutternam
562 4706 633 4753 bitias
649 4705 747 4766 diutapi
763 4721 812 4753 non
830 4711 959 4753 auctorem
976 4718 1032 4752 esse
1049 4704 1098 4752 sed
1113 4706 1238 4753 adiuvisse
1255 4706 1408 4769 scriptorem
1421 4707 1487 4754 idem
1499 4709 1540 4755 itte
1554 4706 1631 4770 Spon-

337 4793 389 4851 pite
406 4788 548 4836 Erosmieoe
565 4791 633 4837 loeus
650 4788 744 4851 probat
762 4804 833 4853 quem
851 4788 997 4845 Miiaebias‚
1016 4794 1043 4836 ut
1061 4788 1223 4838 Hellenicum
1237 4788 1342 4850 faceret
1360 4790 1496 4853 diotopurn,
1514 4793 1631 4855 protulit:

339 4871 429 4933 „Hoec
482 4870 537 4919 sibi
555 4870 684 4920 conscius
702 4876 745 4920 est
764 4873 810 4936 qui
828 4872 941 4937 scripsit
953 4869 1099 4936 ,dialogum
1116 4869 1294 4936 [Hermannus
1307 4871 1469 4938 Buscbiusil
1487 4878 1516 4923 et
1535 4874 1581 4940 qui
1593 4871 1630 4922 illi

728 4956 783 5003 suit
800 4956 829 5004 in
848 4953 964 5005 consilio
982 4952 1014 5019 [i.
1028 4970 1050 5002 e.
1065 4953 1234 5021 HaltenrtsJ.'‘
