3917 5950
294 637 368 708 ⁴122
390 653 537 703 CXCVIII.
552 667 667 703 aaaron.
679 666 716 702 an
730 650 1033 737 amnemarqcxclx.
1044 667 1370 704 aerumnosissima.
1382 669 1408 703 o.
1417 660 1452 702 tt.
1462 668 1524 702 oca.
1537 659 1594 704 taio,
1662 702 1668 726 ὓ

296 847 348 905 qna
367 829 511 884 traducunt
532 827 690 900 episcopum
713 825 870 899 Spirensem
887 835 915 882 et
934 826 1064 899 quosdam
1087 826 1155 882 alios
1177 837 1325 900 magnates.
1364 827 1391 883 ld
1411 828 1442 884 lit
1460 837 1596 903 praesente

296 915 439 990 episcopo:
473 930 534 967 aaut
564 913 615 966 iam
640 911 696 983 agit
724 910 851 965 Coloniae.
895 927 986 967 nonne
1008 911 1180 986 apertissima
1204 912 1386 968 contumelia?
1421 913 1457 969 lle
1478 914 1600 998 Lutberq

296 998 397 1056 bullam
419 998 492 1052 misit
514 1015 598 1070 papa,
626 1013 687 1052 rere
710 994 834 1058 bullam„
854 1003 884 1050 ut
909 996 997 1052 audio.
1042 997 1154 1068 angelos
1177 997 1251 1059 eceli,
1280 997 1305 1051 b.
1323 999 1450 1059 Petrum,
1476 998 1596 1059 Paulina,

296 1101 402 1140 omnem
422 1091 573 1137 creaturam
595 1098 708 1154 prorsus
727 1081 826 1136 excitat
846 1081 872 1135 in
895 1081 1043 1136 Lutbermn
1065 1090 1092 1136 et
1111 1082 1295 1154 adhaerentes:
1316 1083 1508 1145 trucidentur,
1527 1101 1597 1139 coin·

297 1167 447 1228 burantur’,
471 1175 499 1221 ct
519 1166 681 1221 lmiusmodi.
715 1166 815 1239 ,quodsi
838 1165 899 1220 talis
913 1174 961 1220 est
984 1165 1071 1227 bulla,
1096 1167 1203 1240 qualem
1226 1167 1271 1222 ille
1290 1166 1368 1222 nobis
1391 1167 1529 1241 depinxit,
1553 1186 1616 1241 pas

296 1270 356 1308 rum
376 1250 456 1306 babet
478 1249 625 1324 apostolici
645 1250 778 1325 pectoris.
802 1250 868 1304 nibil
887 1250 1008 1306 lenitatis
1031 1251 1201 1307 Christianae:
1240 1255 1260 1305 o
1283 1251 1396 1307 liberam
1419 1252 1598 1314 Germaniam,

297 1336 342 1393 ubi
371 1345 465 1391 nostra
494 1334 621 1390 libertas?
656 1353 706 1390 nec
726 1334 819 1407 lingna
842 1334 926 1391 libera
947 1344 998 1390 cst.
1043 1335 1144 1392 latitat
1165 1336 1313 1397 lluttenus,
1340 1336 1383 1393 cui
1409 1355 1424 1392 a
1449 1337 1598 1393 llomaneu·

297 1421 372 1477 sibus
391 1429 514 1495 paratum
540 1419 761 1482 subsedendum
793 1419 948 1480 subornati,
972 1420 1019 1494 qui
1040 1430 1168 1495 caperent
1194 1422 1311 1478 vinetum
1332 1422 1443 1477 llommu
1470 1422 1598 1478 ducentes

297 1514 344 1562 aut
365 1506 541 1562 trucidarent.
579 1522 629 1559 nec
648 1513 737 1559 tamea
759 1504 805 1558 diu
827 1503 937 1566 latebit,
958 1505 1023 1578 quin
1043 1506 1167 1561 irionacbi
1184 1507 1317 1568 sentient,
1341 1505 1442 1580 quibus
1460 1507 1520 1563 bac
1538 1525 1598 1581 qaro-

297 1590 384 1647 eiaeia
407 1590 458 1645 luit
479 1589 636 1645 comitissa:
666 1597 731 1644 suat
751 1589 823 1643 enim
841 1589 919 1645 laniae
941 1589 1087 1662 pontilicis.
1128 1590 1256 1665 Princeps
1274 1590 1397 1647 Senoniae
1417 1590 1516 1663 magna
1536 1591 1629 1647 libe-ia

297 1675 405 1732 ralitato
428 1675 515 1730 utitur
537 1675 564 1729 ia
582 1675 692 1736 doctos:
722 1673 798 1728 aiunt
824 1674 958 1729 nemiuem
989 1674 1036 1729 illo
1064 1675 1242 1747 integriorem
1271 1686 1299 1732 et
1327 1676 1413 1748 iringis
1439 1676 1596 1750 principem.

297 1760 433 1816 Lutberus
455 1767 578 1832 erumpet
595 1759 628 1813 de
650 1758 721 1813 vitiis
744 1757 934 1831 personalibus
953 1759 1031 1815 etad
1051 1759 1156 1815 laturas
1181 1760 1314 1816 nundinas
1334 1760 1494 1817 habebimus
1518 1761 1599 1816 multa

298 1845 428 1900 tenitma.
467 1844 506 1899 Tu
529 1843 596 1899 nibil
618 1861 707 1905 cessa,
731 1842 825 1898 adesto
844 1842 924 1898 bonis
943 1844 1023 1905 ri1·is,
1042 1845 1136 1900 adeste
1154 1845 1249 1918 pietati
1264 1845 1424 1902 Christianae
1441 1845 1513 1919 apud
1531 1855 1598 1907 tuos,
1663 1862 1667 1873 ·

298 1928 345 1985 nbi
370 1927 517 2001 plurimum
536 1937 624 2002 potes.
669 1927 791 1984 bloaacbi
811 1926 876 1982 nibil
901 1945 956 1984 aon
980 1937 1094 1984 tentant.
1138 1929 1218 1986 velim
1235 1931 1359 1986 Christus
1382 1930 1490 1986 tandem
1513 1930 1598 2005 adspi-

223 2030 228 2042 ·
298 2023 373 2070 cenet
392 2032 436 2068 res
457 2013 584 2075 afflictas,
609 2013 680 2087 qued
704 2012 901 2086 impetrandum
924 2013 1026 2069 sedulis
1048 2013 1174 2087 precibus
1193 2023 1220 2089 et
1240 2015 1402 2088 gemitibus,
1426 2023 1458 2070 ut
1478 2014 1540 2077 ille,
1560 2015 1626 2068 iii-ts

299 2097 506 2154 enarrabilibus.
539 2098 604 2154 Vale
627 2099 652 2153 ia
676 2097 794 2152 domino.
822 2099 886 2153 llum
906 2097 1013 2155 rediero
1030 2096 1172 2161 basileam,
1190 2100 1330 2173 copiosius
1338 2106 1352 2154 ε’
1368 2116 1429 2155 narn
1449 2116 1505 2155 aon
1522 2100 1598 2155 datur

298 2181 341 2238 rel
363 2183 494 2257 relegere.
529 2183 683 2256 lloguntice,
720 2192 761 2243 la.
779 2184 836 2239 (tet.
857 2189 930 2243 tato.
1335 2170 1366 2241 ‘0
1386 2172 1447 2252 σός.

326 2515 553 2579 siracusanumL
782 2480 1130 2557 CLXXXXVIIH.
1292 2529 1301 2549 ·
1397 2511 1432 2551 aa.
1449 2517 1510 2551 οοτ.
1526 2511 1582 2551 aaa.

307 2569 509 2578 Ἢ
1365 2572 1594 2582 ——-.-

507 2636 705 2698 lll'T'lENVS
728 2636 928 2698 noutt‘acto
951 2636 1194 2699 AblOllesdllO
1218 2636 1400 2698 SALVTEM.

393 2753 514 2815 Dubitas
536 2756 571 2815 ad
595 2774 642 2816 me
664 2754 860 2816 scribendum.
874 2774 911 2815 aa
934 2758 984 2826 sit,
1008 2757 1090 2835 quasi
1114 2774 1182 2815 vero
1205 2755 1241 2816 ad
1264 2774 1431 2834 quenquam
1448 2756 1538 2817 alium
1554 2766 1629 2817 aiat-io

307 2857 390 2934 prius
412 2857 462 2925 sit,
486 2864 536 2916 aut
558 2859 664 2934 saepias
686 2858 731 2917 sit.
777 2856 950 2935 Quanquam
972 2860 997 2917 si
1019 2857 1075 2918 boc
1097 2859 1280 2935 propositum
1309 2857 1361 2916 tibi
1390 2865 1450 2927 est,
1480 2866 1514 2918 at
1542 2860 1599 2937 qui·

308 2957 431 3018 busdam
462 2979 508 3018 me
537 2942 835 3020 onerrs'aarnatteis
863 2958 1013 3029 laudibuS,
1049 2959 1133 3020 lardo
1161 2960 1256 3037 patior
1285 2966 1428 3037 perpetuo
1455 2959 1544 3021 silere
1565 2967 1599 3021 te.

309 3062 387 3121 Scito
416 3062 493 3120 euim
522 3062 593 3122 nibil
622 3065 650 3122 in
679 3063 779 3122 aulicis
808 3063 924 3139 gravius
952 3062 1031 3121 serre
1060 3061 1230 3121 Huttemua.
1275 3060 1376 3139 ltaque
1399 3070 1427 3122 et
1451 3065 1476 3123 si
1505 3081 1601 3123 carere

308 3169 357 3222 tua
380 3164 504 3222 amicitia
528 3182 586 3222 noa
609 3181 744 3241 possum,
774 3164 852 3223 lerre
874 3164 958 3222 istam
983 3170 1079 3222 tamen
1102 3165 1129 3222 in
1153 3170 1181 3221 te
1204 3180 1342 3240 poriipani
1364 3182 1495 3242 nequeo,
1528 3164 1603 3242 quod

309 3271 340 3323 ut
364 3266 510 3341 ingratum
534 3264 586 3323 abs
609 3272 637 3323 te
660 3264 729 3323 inibi
752 3263 870 3332 accidit,
894 3266 932 3324 ita
955 3265 1115 3324 iucundum
1140 3265 1193 3324 luit
1215 3265 1293 3342 (quiid
1309 3252 1375 3324 ἀπὸ
1391 3260 1449 3343 τῆς
1464 3261 1631 3344 anancaeo

309 3367 571 3425 sacrariientarium
593 3373 622 3425 tc
644 3366 715 3425 aiibi
738 3367 840 3435 obers,
871 3384 957 3444 quem
981 3366 1090 3425 idcirco
1113 3374 1143 3425 et
1165 3367 1275 3443 accipio
1298 3366 1439 3434 libenter,
1469 3373 1498 3426 et
1527 3385 1603 3426 rom·

309 3464 421 3543 plectar
443 3470 634 3528 tenacissime..
680 3466 764 3536 Quod
787 3467 891 3527 scribis
914 3467 1032 3527 cottidie
1059 3468 1089 3526 in
1118 3467 1252 3527 titanibus
1279 3466 1390 3527 babere
1413 3474 1442 3526 te
1466 3468 1604 3545 opuscula

310 3585 389 3636 iiiea,
414 3570 512 3627 nescio
535 3588 572 3627 an
594 3568 754 3628 serendum
777 3568 834 3627 boc
857 3570 906 3636 sit,
931 3576 963 3627 ut
985 3568 1106 3628 meliora
1127 3567 1311 3646 posthabeas.
1349 3566 1470 3630 Nullum
1491 3589 1546 3647 pro
1560 3587 1605 3629 me

309 3669 467 3728 discrimen
491 3687 618 3730 recusas
663 3671 700 3729 at
726 3672 822 3747 ipsum
853 3669 923 3730 illud
955 3671 1079 3731 fortasse
1107 3687 1182 3747 opus
1211 3689 1270 3729 mm
1299 3677 1357 3739 est,
1388 3670 1548 3731 discrimen
1575 3678 1604 3731 ut

309 3770 413 3840 adeas,
437 3789 603 3850 quanquam
626 3772 649 3830 si
672 3772 775 3841 luerit,
798 3772 944 3849 sperabile
967 3773 1061 3832 estin
1085 3780 1113 3832 te
1135 3772 1320 3849 profugium,
1343 3771 1400 3831 boc
1423 3779 1492 3849 peto
1515 3781 1547 3833 ut
1569 3792 1634 3832 neae

310 3891 410 3932 aurare
438 3873 567 3942 desinas,
601 3880 629 3932 et
657 3875 816 3950 sepissime
845 3872 1026 3933 lainiliariter
1059 3891 1112 3950 per
1145 3874 1243 3934 literas
1267 3881 1304 3936 ¹at
1330 3872 1520 3951 colloquaris.
1566 3875 1604 3934 lle

310 3973 400 4033 Ecbio
422 3981 502 4034 recte
525 3976 596 4034 lacis
618 3974 696 4053 quod
726 3976 856 4051 ineptum
880 3974 1062 4034 balatronem
1084 3975 1178 4033 odisti.
1224 3973 1353 4034 llerctur
1376 3975 1432 4034 boc
1455 3976 1549 4044 enitar,
1578 3982 1605 4034 et

308 4083 341 4135 nt
364 4076 612 4153 contemptissima
635 4074 765 4134 rideatur
788 4094 803 4134 a
826 4075 912 4136 bonis
934 4075 1080 4135 onmibus.
1126 4075 1242 4153 Optime
1264 4075 1327 4136 ralc
1356 4093 1391 4136 ex
1415 4075 1605 4155 Stecbelberg

309 4176 345 4256 aij
369 4171 467 4237 Caleii.
492 4172 646 4237 Noriebris,

461 4278 519 4339 l'er
542 4295 759 4339 amanuensem.
1611 4302 1633 4340 aa

310 4431 551 4480 cnxxxxt'ttn.
587 4431 725 4480 etz-ata.
745 4431 779 4479 ad
792 4446 818 4483 a.
831 4446 942 4481 caxrrir.
956 4430 1050 4480 adnot.
1121 4430 1329 4481 2=Ronricn
1346 4429 1418 4493 (tna.
1432 4430 1501 4481 bibl.
1515 4448 1541 4481 n.
1554 4430 1604 4493 85.)

828 4533 853 4579 p.
867 4514 925 4564 illd.
941 4531 980 4579 sq.
1000 4531 1026 4563 n.
1042 4531 1080 4564 nr.

379 4648 400 4681 ¹²
418 4651 452 4700 de
465 4651 543 4700 vitiis
555 4650 694 4718 person.]?
712 4654 803 4701 Locus
817 4658 974 4716 corruptus:
991 4653 1056 4714 fort.
1069 4655 1086 4701 l.
1105 4651 1139 4701 de
1158 4652 1289 4701 'convitiis
1307 4649 1458 4716 papalibus
1511 4648 1532 4681 ¹⁶
1550 4646 1603 4713 ille]

309 4733 387 4782 Paul.
403 4751 445 4799 ep.
461 4736 496 4783 ad
509 4736 585 4785 Rom.
600 4737 725 4787 tutto.
1585 4736 1588 4742 ’

377 4816 575 4883 ”quemquam
588 4825 613 4870 2.
649 4821 776 4871 ”etsiz
813 4818 835 4852 ²⁵
848 4809 907 4870 οἷπό
919 4836 942 4870 τ.
957 4818 995 4886 rc]
1009 4837 1044 4870 ea·
1056 4822 1146 4879 eorde,
1160 4836 1196 4869 eac
1208 4824 1299 4871 animo.
1335 4817 1603 4885 nflcomptectorr.

310 4898 333 4931 ³⁰
352 4916 515 4965 quamquam
528 4909 553 4954 2.
605 4914 665 4971 post
682 4907 768 4956 fuerit
785 4907 900 4964 addidi,
956 4903 978 4935 ³²
997 4904 1190 4954 batatorema.
1243 4903 1266 4936 ³³
1284 4904 1487 4970 Steckelbergb
1500 4909 1525 4954 2.
