3917 5950
340 630 414 707 200
484 646 541 699 XC
560 661 682 698 uvrrtnu
696 662 732 697 ΔΙ)
745 661 859 698 Ptttcxtt.
871 663 914 699 tr.
928 662 1002 699 VITB
1015 662 1073 700 ΠΕ
1086 663 1149 700 m.
1162 663 1244 700 ΠΜ).
1258 663 1284 700 1).
1299 656 1332 698 25.
1344 663 1404 700 001.
1420 653 1481 699 1518.

340 818 535 889 Eitolnollns,
560 837 647 898 quam
670 819 789 898 publiro
811 818 963 881 literarum
987 838 1020 879 ar
1043 819 1226 882 literatorum
1247 822 1392 881 omnium:
1417 823 1476 881 iam
1496 817 1635 898 quiddam

342 923 466 1001 parabat
486 925 563 982 orrim
586 940 645 999 quo
667 921 752 981 nobis
766 924 920 998 magnifice
941 923 1107 983 consultum
1124 923 1239 991 luisset,
1264 924 1317 983 nisi
1333 924 1536 1001 intompostira
1555 938 1637 982 mors

274 1026 539 1087 trasanrtissiums
561 1025 688 1083 lrominis
711 1026 902 1100 cogitationes
924 1027 1137 1103 interrupisset.
1181 1044 1282 1085 runnu
1306 1025 1416 1085 dolore'
1431 1044 1500 1084 uiuo
1521 1023 1638 1099 longius

344 1144 461 1198 ringor.
507 1125 598 1193 llnir‚
622 1129 757 1204 nuptam,
780 1126 829 1186 tali
852 1128 913 1186 uiro
936 1127 1072 1187 inuidiam
1092 1129 1205 1205 poprrit
1227 1127 1304 1205 quod
1320 1128 1408 1186 sciret
1422 1126 1540 1186 lituras:
1564 1125 1638 1185 adon

343 1227 477 1287 irnlnrata
498 1236 567 1287 sunt
588 1229 683 1288 adlmr
707 1228 848 1288 adnrsus
869 1229 1074 1304 humaniorem
1097 1228 1307 1289 humanitatom
1329 1236 1502 1287 nostrorum
1532 1229 1658 1294 cordam

342 1328 416 1388 adro
446 1348 504 1389 riou
533 1331 651 1413 sapiunt
676 1349 751 1408 qnos
772 1338 853 1390 rorte
875 1349 980 1409 saporo
1002 1333 1114 1409 primos
1132 1332 1271 1408 oportuit.
1315 1348 1483 1408 quanquam
1506 1328 1543 1388 ab
1567 1347 1639 1390 anre

343 1433 466 1490 (lusoris
488 1440 623 1509 potrutrs
646 1436 801 1511 quisunt,
830 1433 859 1492 tu
886 1434 1004 1493 sartioni
1027 1440 1136 1492 nostrae
1158 1433 1316 1511 plurimum
1340 1432 1462 1507 dolorm
1492 1431 1639 1490 intuitur.

343 1533 422 1593 idom
447 1534 524 1612 aquid
547 1535 677 1613 roliquus
699 1536 863 1613 principum,
897 1537 946 1613 qod
974 1553 1034 1594 nou
1063 1537 1092 1594 in
1115 1536 1272 1613 poslrrmis
1296 1533 1488 1599 recumbunt,
1522 1551 1558 1590 ar.
1586 1534 1640 1610 ipsi

344 1636 431 1694 otiam
462 1637 610 1714 principos
638 1638 723 1697 nobis
752 1636 942 1713 pollicentur:
972 1637 1079 1715 quilius
1110 1654 1166 1696 uros
1192 1637 1306 1713 maguis
1332 1637 1440 1713 passim
1469 1633 1644 1694 nominibus

344 1735 563 1813 applaudimus,
598 1738 772 1798 llarronatos
791 1756 1004 1816 nonnunquam
1032 1738 1077 1798 rol
1099 1740 1245 1813 Angustos
1272 1739 1358 1798 otiam
1387 1744 1542 1804 rorantes,
1578 1745 1672 1795 nontt

346 1840 423 1916 qnod
447 1839 513 1898 ullrr
535 1840 592 1898 bor.
612 1840 769 1919 aliquando
795 1839 910 1900 illorum
940 1842 1061 1901 virtutus
1090 1846 1277 1908 mereantur,
1309 1857 1376 1899 rum
1405 1838 1493 1918 aliqui
1521 1837 1640 1915 publico

278 1941 443 2018 §.aopotins
463 1941 531 2000 odio
552 1960 639 2019 quom
662 1944 775 2019 privato
797 1942 897 2001 lavoro
921 1943 1000 2018 digni
1019 1944 1092 2009 sint,
1116 1960 1218 2001 rorum
1240 1959 1292 2018 spo
1314 1940 1440 2018 quadam
1456 1940 1493 1998 ad
1509 1941 1641 2018 pristina

346 2041 484 2103 bonitatis
506 2042 713 2103 rrrrnlatiourm
735 2044 888 2103 «latitandi.
917 2044 968 2104 ubi
991 2062 1050 2103 non
1073 2045 1190 2120 ponitus
1210 2050 1309 2102 nostra
1331 2060 1385 2101 nos
1403 2040 1507 2101 lolollit
1524 2042 1640 2118 opinio:

346 2143 458 2221 aliquos
480 2146 536 2204 iarn
554 2147 631 2204 onim
654 2147 804 2220 coegimus
820 2144 933 2222 pudore
953 2148 997 2205 sui
1024 2145 1199 2206 loonolacore
1218 2143 1319 2210 uobis,
1343 2145 1392 2222 qui
1411 2145 1435 2203 si
1455 2141 1527 2202 uilril
1550 2142 1639 2211 aliud,

346 2244 402 2304 lior
426 2248 482 2306 iarn
503 2254 699 2323 acroporuut,
735 2247 812 2325 quod
836 2247 935 2307 lavoro
956 2248 1061 2316 litoris,
1096 2246 1125 2306 id
1151 2247 1189 2305 sit
1212 2246 1345 2323 prirnipo
1369 2246 1502 2320 dignum.
1547 2250 1673 2323 quaro·⁵

347 2347 500 2407 oonsilinm
532 2356 576 2407 ost
604 2366 717 2413 urrunnu.
751 2348 985 2409 lionrrolrutiam
1013 2348 1176 2409 istiusmodi
1208 2348 1327 2422 perieris
1360 2346 1514 2405 bominum
1545 2346 1643 2405 ruodis

293 2434 297 2442 ’
347 2448 484 2508 ‹orruribus
506 2457 640 2526 raptare,
664 2468 697 2509 ac
721 2450 823 2510 ubiubi
845 2450 961 2510 licuerit
984 2451 1076 2510 larori
1098 2450 1264 2527 principum
1294 2449 1366 2506 retia
1389 2448 1527 2511 tendoro.
1551 2455 1582 2506 rt
1603 2445 1641 2506 ob

351 2550 379 2609 id
404 2550 458 2609 illis
479 2551 631 2609 adluurrro
654 2570 687 2610 ar
710 2550 827 2629 puldira
851 2553 1055 2611 inonurtantrr
1081 2568 1205 2611 munera
1233 2548 1330 2616 obire,
1363 2556 1395 2608 nt
1421 2566 1477 2606 nos
1505 2548 1545 2608 ibi
1572 2566 1641 2606 ron·

356 2652 518 2711 lurrnrmns
540 2651 616 2719 aliis,
645 2654 808 2730 prarsrrtim
835 2651 914 2712 nulla
935 2653 989 2713 alia
1013 2655 1055 2712 ria
1080 2668 1234 2726 emrrgrro
1256 2669 1322 2710 oum
1346 2650 1497 2710 rirlramus
1519 2669 1573 2709 ros
1593 2650 1641 2728 qui

280 2752 430 2828 §rr-loges
454 2755 643 2832 prosumnus,
666 2762 694 2813 ot
717 2754 844 2831 tlmologi
864 2756 914 2833 qui
937 2761 1093 2822 rorantur,
1117 2771 1192 2831 quos
1214 2759 1243 2812 et
1262 2754 1342 2832 ipsos
1361 2751 1422 2810 lnor
1443 2751 1493 2810 alit
1512 2752 1672 2812 ambitio!

351 2856 435 2927 Qtrod
457 2857 528 2915 dnm
551 2875 659 2925 conor,
682 2855 825 2917 rorlaums
847 2864 893 2925 tn,
918 2863 947 2917 ot
971 2862 1110 2934 tanquam
1132 2855 1168 2915 ad
1191 2872 1324 2914 errorem
1347 2852 1505 2913 alnuntom
1529 2872 1577 2913 me
1597 2871 1642 2912 re·

349 2978 446 3018 roras.
490 2959 572 3038 quasi
594 2977 664 3019 roro
684 2978 742 3018 uon
765 2960 877 3036 possint
900 2958 961 3018 lurr
984 2957 1069 3018 siurul
1092 2958 1154 3032 agi,
1180 2962 1231 3017 aut
1257 2962 1288 3016 tu
1318 2954 1490 3034 aliquando,
1522 2957 1551 3015 in
1578 2954 1642 3015 aula

349 3062 480 3120 uirtutium
511 3060 761 3120 turbulentissima
790 3080 857 3121 rum
884 3068 913 3118 to
942 3061 1115 3121 vertendum
1142 3078 1178 3118 ao
1204 3058 1410 3118 revertendum}
1435 3056 1589 3134 praba-ros
1615 3064 1644 3116 et

350 3163 430 3220 riuis
450 3181 483 3221 ar
511 3160 754 3222 sollinitrnlinibns
780 3162 1041 3228 rornmonlororis,
1072 3161 1116 3220 rel
1143 3168 1213 3221 tnnc
1243 3177 1310 3218 cnm
1338 3157 1478 3218 militaris
1506 3161 1594 3218 otiam
1615 3165 1643 3217 ot

351 3264 472 3321 riritatis
494 3269 552 3322 tntu
575 3266 666 3341 copiis
686 3283 753 3324 rum
772 3282 931 3342 prarossos,
955 3262 1049 3322 studia
1068 3264 1183 3322 intorim
1203 3263 1337 3321 omisrris
1355 3269 1384 3319 ot
1406 3278 1464 3318 riou
1485 3259 1672 3337 aliquandott

281 3363 396 3421 §.sulus
418 3371 447 3423 tr
471 3364 667 3426 doliuirnrntis
689 3365 881 3425 rolorondum
904 3365 1035 3428 (luderis,
1069 3372 1121 3423 aut
1148 3364 1185 3423 dr.
1209 3382 1255 3423 uir
1284 3362 1322 3423 ibt
1351 3361 1568 3420 ronclamatunr
1598 3362 1642 3428 sit,

354 3472 383 3522 rt
404 3464 578 3526 indrorillius
597 3468 652 3527 lror
672 3468 805 3527 vidratur
826 3468 990 3541 ingenium,
1015 3483 1102 3544 qnam
1121 3473 1154 3525 ut
1171 3466 1230 3526 duo
1250 3465 1313 3525 lnrr
1327 3466 1482 3525 sustinuat:
1503 3463 1560 3520 nisi
1577 3480 1644 3521 loro

349 3585 456 3626 norum
479 3567 529 3627 tibi
553 3569 680 3638 ridrtnr,
706 3572 781 3629 iulor
803 3570 924 3644 negorio
947 3567 1047 3627 literas
1069 3574 1188 3627 rtrum
1210 3566 1302 3626 litoris
1322 3567 1446 3639 nrgoria
1468 3565 1495 3623 in
1516 3582 1574 3623 usn
1593 3563 1644 3622 lra-

347 3668 434 3732 lrorr:
459 3670 510 3728 nbi
532 3671 672 3749 rurrnplis
695 3689 755 3730 nou
778 3687 862 3745 qnos,
885 3669 963 3729 band
985 3671 1121 3744 ignarus,
1147 3687 1234 3747 qutun
1258 3666 1340 3727 rnrdli
1363 3675 1393 3725 ot
1414 3666 1464 3743 qod
1485 3664 1550 3723 broc
1573 3664 1643 3723 lirli·

348 3773 420 3829 ritor
441 3773 663 3831 rouiuuxorint:
685 3772 791 3830 ‹lrirnlo
814 3788 902 3849 qnam
924 3771 1084 3847 rontmupti
1107 3769 1177 3830 olim
1201 3769 1326 3835 luerint,
1355 3768 1464 3827 turdum
1493 3765 1550 3825 har
1572 3775 1673 3825 terii-a

348 3879 459 3948 {usluto
487 3875 557 3942 siut,
592 3876 641 3952 qni
669 3875 711 3932 sir
739 3875 889 3940 oriantur,
928 3879 961 3930 nt
987 3888 1047 3931 non
1075 3870 1233 3950 aliquando
1265 3870 1388 3946 negocia
1418 3867 1463 3927 rol
1495 3870 1644 3927 succisivis

413 4041 424 4073 ²
443 4058 496 4106 qno
507 4044 542 4092 ΙΙ.
554 4044 640 4091 orlarr.
653 4059 702 4105 pro
715 4041 787 4090 trudo
798 4043 858 4090 edd.
878 4040 1056 4104 Gymnasium
1067 4038 1113 4091 vel
1126 4037 1493 4101 universitati-mMogontia·-
1508 4036 1645 4086 condendi

347 4128 491 4177 consilium
507 4128 620 4175 irinuora
635 4126 751 4175 violetur.
767 4125 803 4174 cf.
817 4140 900 4189 snpra
913 4124 988 4189 pm.
1002 4122 1075 4184 §.ab
1090 4124 1171 4190 epist.
1185 4123 1221 4174 ad
1233 4125 1290 4173 loc.
1304 4122 1404 4171 Fuchs.
1452 4119 1572 4171 ’doloro
1585 4124 1644 4170 5.6.

345 4210 513 4261 'sanctioni
527 4214 551 4259 6.
599 4209 723 4274 ’passim
738 4211 772 4259 II.
786 4211 873 4259 ndscr.
884 4225 935 4272 pro
948 4209 1060 4257 interim
1074 4210 1157 4259 A...0.
1203 4207 1225 4240 ¹⁰
1237 4207 1323 4257 etiam
1336 4210 1406 4256 omis.
1420 4208 1480 4254 Μ.
1529 4205 1643 4256 ¹³armu-

346 4294 480 4346 lotiouom
500 4298 574 4344 (mo.
646 4294 800 4353 excitandi,
830 4293 877 4341 rbi
890 4294 924 4342 A.
965 4293 1117 4343 excitandi.
1143 4293 1198 4342 t'bi
1218 4294 1271 4353 sec.
1287 4293 1325 4341 ΙΙ.
1350 4306 1404 4340 uon
1428 4291 1498 4354 (ante
1523 4290 1646 4355 ponitus)

345 4387 414 4429 onitu.
451 4379 644 4430 ¹³laroro5.d.
681 4376 913 4450 ¹⁷·licueritHJec.
925 4392 962 4426 ω·
974 4375 1061 4426 liceat
1071 4380 1131 4427 edd.
1166 4376 1337 4443 Principium
1348 4377 1373 4424 0.
1410 4374 1430 4407 ¹⁸
1443 4374 1580 4424 adherere
1591 4375 1647 4425 AB

345 4460 365 4493 ²¹
380 4480 500 4514 errorum
515 4468 540 4514 ⁶.
604 4462 627 4494 ‘²
646 4464 692 4528 ogi
706 4464 730 4511 ⁶.
787 4462 853 4526 aliq.
873 4463 901 4511 in
914 4457 990 4524 aula]
1004 4462 1130 4527 episcopi
1142 4460 1374 4511 Eichstadienais.
1389 4460 1428 4508 ibi
1441 4475 1491 4524 per
1503 4459 1645 4509 biennium

345 4553 473 4597 vorsatus
486 4548 711 4598 Pirclrlreimorus
724 4548 855 4612 Papiam,
882 4550 914 4593 nl
931 4545 1000 4595 iuris
1018 4545 1111 4595 studio
1129 4561 1159 4596 so
1182 4546 1275 4607 daret,
1304 4559 1321 4593 a
1338 4549 1454 4608 parente
1474 4544 1576 4592 missus
1595 4547 1644 4591 ost.

350 4631 378 4677 in
397 4631 467 4690 (ante
485 4631 561 4693 ardu)
579 4635 689 4682 omino.
742 4630 764 4662 ²³
783 4629 1019 4694 adlproool5.6.
1070 4628 1094 4661 ²⁴
1112 4629 1363 4680 commodereriad.
1417 4642 1478 4676 cnm
1497 4623 1643 4690 militares]

349 4712 376 4760 iu
394 4711 468 4761 bello
486 4714 677 4765 Helvetiorum
702 4730 763 4765 cum
782 4715 881 4763 l'arolo
899 4713 1048 4778 Ilurgundo
1072 4719 1101 4762 et
1116 4713 1308 4763 blaximiliano
1332 4713 1400 4778 lmp.
1425 4713 1515 4778 copiis
1538 4713 1643 4763 Norim·

348 4794 531 4858 bergensibus
550 4798 712 4861 praelectus,
733 4813 805 4847 anino
825 4797 898 4847 lltltl.
918 4799 997 4848 cuins
1016 4797 1202 4863 expeditionis
1219 4799 1372 4863 descriptio
1382 4798 1643 4848 Pirckheimoriana

349 4882 441 4927 exstat
459 4879 561 4928 ineius
574 4881 644 4946 Opp.
658 4898 684 4946 p.
697 4880 803 4931 (Μὴ).
823 4884 889 4931 item
908 4882 986 4931 edita
1005 4887 1048 4930 eat
1065 4881 1164 4947 Tiguri
1185 4881 1258 4932 17³7.
1279 4882 1309 4930 in
1326 4880 1362 4930 8⁰.
1433 4880 1456 4912 ²⁸
1473 4880 1605 4931 literatos
1617 4884 1641 4930 5.

348 4976 376 5010 n.
388 4960 530 5012 litteratas
543 4965 568 5012 6.
621 4964 735 5030 negotia
745 4967 770 5014 6.
822 4964 842 4997 ⁸¹
856 4966 981 5015 otiantur
999 4965 1072 5015 imo.
