3917 5950
375 612 449 685 296
498 627 635 679 CXXXII.
656 642 737 676 uvrr.
752 642 788 676 in
802 642 880 677 rnrn.
895 643 929 676 ns
943 641 1048 676 tersas
1063 640 1114 674 eno
1129 640 1308 676 rnononrsuo
1322 640 1475 677 arouoora.
1497 633 1556 675 toto.

304 799 483 861 §.feritaret
502 798 620 869 ,lterum
643 798 708 858 dico
730 798 833 876 igitur,
856 805 905 860 aut
927 798 1006 859 illam
1028 798 1126 858 induci
1149 815 1203 876 per
1224 804 1253 858 te
1274 803 1392 875 oportet
1407 795 1594 858 llarimiiiaui
1608 815 1666 857 sen-
1757 826 1800 839 -

375 902 510 971 tentiam,
533 907 583 961 aut
606 901 740 978 improbe
763 902 834 961 iacis
857 903 906 979 qui
928 900 1043 962 libellos
1058 919 1155 971 meos,
1179 918 1245 961 eam
1259 899 1415 978 loquentes
1429 901 1593 969 actionem,
1614 899 1666 959 dis-
1770 926 1800 938 -

375 1004 480 1082 oerpis.
526 1001 586 1063 Nisi
610 1009 637 1062 te
660 1010 757 1063 moret
779 1003 857 1082 quod
880 1010 1010 1064 veterem
1033 1002 1164 1081 dialogos
1186 1001 1335 1063 scribendi
1357 1020 1474 1062 morem
1488 1020 1630 1061 revocans
1642 1010 1668 1061 et
1774 1003 1800 1055 ,1

377 1105 414 1165 ad
440 1105 628 1182 antiquorum
657 1105 847 1165 imitationem
878 1124 925 1165 me
954 1106 1110 1165 conserens
1135 1105 1172 1164 do
1194 1102 1355 1173 Charonte,
1385 1103 1423 1163 de
1445 1102 1610 1172 Mercurio,
1637 1103 1669 1162 de

307 1214 367 1265 §.⁵1
376 1205 531 1266 Phalaride
553 1212 582 1265 et
603 1205 652 1265 illo
675 1207 836 1267 inferorum
860 1225 951 1285 regno
973 1206 1082 1286 aliquid
1104 1207 1192 1284 tingo.
1236 1205 1274 1265 ht
1294 1205 1351 1265 hoc
1379 1203 1463 1264 illum
1489 1222 1550 1264 non
1578 1212 1686 1264 moret⁵
1705 1215 1759 1253 ὃ
1798 1248 1800 1253 .

375 1326 462 1385 quem
486 1306 586 1386 iugulo
614 1307 670 1377 ibi,
702 1310 753 1369 sed
782 1327 815 1369 ea
845 1328 910 1388 qum
937 1317 1045 1386 praeter
1072 1308 1185 1368 fabulas
1214 1315 1249 1368 et·
1268 1307 1418 1368 fictionem
1450 1305 1569 1367 elucent
1596 1325 1668 1375 vera,

375 1408 483 1488 quihus
504 1408 586 1469 illum
609 1411 749 1489 graphice
771 1410 914 1488 depingo,
938 1410 1001 1472 eius
1023 1428 1122 1469 mores
1144 1411 1265 1488 eiusque
1287 1409 1373 1469 vitam
1397 1407 1491 1469 oculis
1512 1413 1602 1487 atque
1623 1427 1669 1469 au·

375 1510 458 1571 ribus
481 1511 632 1571 hominum
655 1511 776 1572 obiicio:
807 1530 840 1572 ea
863 1519 995 1582 irrorent,
1019 1531 1052 1572 ea
1076 1493 1254 1589 percellunt,
1278 1529 1312 1571 ea
1332 1510 1471 1570 mordent
1490 1518 1520 1569 et
1534 1508 1668 1570 lacerant.

308 1616 368 1667 §.5⁸·
379 1611 496 1673 Scilicet
518 1631 619 1673 rerum
642 1631 700 1672 nou
724 1620 784 1681 est,
808 1615 885 1693 quod
909 1614 1056 1673 Mercurio
1079 1614 1153 1674 duce
1174 1614 1210 1672 ad
1233 1612 1344 1671 inferos
1366 1613 1522 1691 quaesitum
1545 1610 1670 1672 Phalari·

377 1715 443 1775 dem
473 1715 652 1775 concesserit
679 1722 708 1775 et
737 1716 767 1774 in
798 1735 834 1775 eo
864 1717 967 1776 itinere
996 1714 1075 1793 quod
1098 1713 1244 1774 Charonte
1267 1720 1385 1774 rectore
1410 1730 1486 1790 opus
1512 1714 1616 1783 luerit,
1644 1721 1728 1773 etro
1753 1722 1800 1760 ui

376 1814 475 1877 nullus
497 1821 541 1877 est
562 1814 740 1885 llercurius,
763 1817 876 1887 nullus,
899 1819 948 1897 qui

859 1918 1026 1998 ferruginea
1048 1915 1199 1977 subreetet
1220 1934 1345 1995 corpora
1368 1915 1473 1995 cymba

580 2019 719 2080 Terribili
743 2020 880 2098 squalore
902 2020 1028 2080 Charon.

378 2141 432 2183 nec
455 2121 557 2202 cymba
582 2129 640 2191 est,
669 2140 724 2182 nee
746 2122 816 2202 Styx
837 2130 889 2208 aut
910 2121 1109 2200 Phlegethon:
1145 2138 1201 2180 uec
1222 2137 1347 2198 usquam
1377 2120 1510 2197 reperire
1533 2125 1578 2179 est
1598 2119 1670 2178 Pha·

378 2223 517 2291 laridem;
553 2222 640 2282 etde
663 2230 722 2283 tota
745 2223 792 2282 illa
816 2224 1008 2284 subterranea
1031 2221 1181 2300 republica
1204 2240 1296 2282 unum
1319 2227 1363 2282 est
1384 2221 1588 2288 mendacium,
1615 2225 1800 2282 3333ὃέ

310 2323 488 2385 natabula.
533 2324 655 2394 Fateor,
679 2332 708 2384 et
729 2344 784 2385 neo
808 2343 877 2403 ego,

581 2425 642 2486 Nec
664 2429 748 2505 pueri
771 2426 910 2495 credunt,
934 2426 989 2486 uisi
1012 2427 1062 2504 qui
1083 2426 1214 2485 noudum
1237 2443 1295 2486 aere
1316 2423 1459 2484 lavantur.

379 2527 437 2587 Sed
460 2534 491 2586 tu
514 2527 564 2606 qui
586 2526 684 2588 literas
706 2528 845 2598 didicisti,
875 2529 993 2606 ignoras
1015 2525 1158 2596 arbitror,
1187 2526 1336 2606 quomodo
1359 2531 1486 2586 tractare
1515 2525 1580 2585 haec
1604 2543 1669 2585 con-

380 2629 488 2696 reuiat,
511 2635 598 2706 atque
621 2630 660 2688 ita
682 2648 740 2688 non
764 2628 900 2707 intelligis
922 2648 1002 2698 reru,
1025 2636 1058 2690 ut
1081 2628 1132 2689 tibi
1154 2647 1229 2707 opus
1250 2629 1288 2688 sit
1308 2625 1389 2688 illum
1413 2646 1430 2686 3
1451 2627 1578 2688 mortuis
1592 2644 1669 2686 roro·

381 2748 449 2791 care
471 2729 642 2808 magistrum
665 2738 748 2791 tuum
771 2729 962 2800 bernaldum,
992 2731 1041 2808 qui
1063 2737 1092 2791 te
1114 2731 1219 2792 dooeat
1241 2730 1310 2809 quid
1332 2728 1387 2788 sihi
1409 2727 1500 2789 velint
1521 2735 1700 2806 poetarumo

312 2829 496 2891 tetlahulae.
541 2831 713 2910 Quanquam
736 2834 847 2892 otiosus
868 2834 954 2892 nimis
977 2832 1092 2902 videor,
1122 2833 1172 2910 qui
1200 2833 1262 2892 haec
1291 2837 1334 2890 tot
1359 2828 1457 2890 verbis
1484 2848 1540 2907 ago
1570 2836 1670 2896 tecum,

379 2951 442 2994 rem
465 2926 596 2993 lrirolam
620 2940 649 2994 et
670 2933 778 2995 nullius
805 2935 961 3003 momenti,
994 2934 1030 2994 ab
1061 2940 1233 3013 argumento
1262 2932 1371 3011 negotii
1398 2929 1533 2992 alienam.
1582 2949 1672 3009 neque

379 3041 410 3096 tu
434 3036 497 3095 hmo
526 3037 621 3104 euim,
649 3044 699 3095 aut
727 3037 820 3114 quiris
848 3035 922 3097 alius
949 3038 978 3095 in
1008 3035 1107 3095 libello
1136 3037 1191 3095 hoc
1220 3035 1445 3113 persequimini,
1478 3033 1531 3094 sed
1559 3032 1672 3094 aliunde

381 3137 576 3198 calumniandi
599 3155 700 3197 ausam
724 3138 890 3215 exquiritis,
923 3137 1011 3197 modo
1034 3138 1178 3214 quispiam
1206 3137 1262 3196 hoc
1290 3145 1388 3196 tecum
1411 3135 1461 3213 qui
1490 3134 1577 3194 iaciat
1598 3136 1673 3193 inve·

311 3240 436 3299 §.o-nm
458 3247 563 3317 potest.
597 3238 661 3299 Non
684 3245 779 3316 potest
801 3237 938 3297 arbitror.
972 3238 1017 3298 To
1039 3239 1145 3315 igitur,
1169 3239 1215 3297 cni
1237 3216 1291 3297 soli
1312 3235 1512 3297 Phalarismus
1533 3233 1704 3313 displicetas

381 3359 448 3400 cuin
471 3341 506 3399 ad
530 3340 716 3400 Phalaridem
744 3341 787 3399 iro
813 3348 969 3418 tyranuum
999 3346 1132 3399 nostrum
1161 3341 1256 3417 lingo,
1285 3339 1342 3398 sois
1363 3337 1442 3415 quod
1472 3338 1536 3396 eius
1565 3336 1674 3414 cupidi-

381 3446 455 3500 tates
477 3441 567 3502 immo
590 3448 618 3500 et
641 3442 719 3519 qood
743 3441 828 3501 talem
853 3441 976 3500 ostendo
999 3460 1064 3500 esse
1087 3459 1153 3501 eum
1176 3442 1226 3519 qui
1249 3441 1284 3499 ad
1300 3438 1463 3499 Phalaridis
1484 3439 1675 3498 imitationem

380 3548 473 3601 totum
497 3561 528 3600 se
551 3542 698 3610 coulerat,
722 3562 838 3603 ‹rrnrrem
862 3561 944 3602 suam
968 3543 1054 3601 vitam
1079 3542 1200 3611 formet,
1224 3542 1261 3601 ita
1278 3559 1342 3602 esse
1364 3541 1539 3607 animatum,
1564 3547 1598 3598 ut
1612 3558 1675 3618 qua

382 3643 440 3701 sint
462 3650 542 3702 anta
558 3642 712 3703 Phalaride
735 3644 877 3704 malitiose
901 3645 1016 3703 iuventa
1039 3651 1089 3703 aut
1110 3644 1148 3703 ab
1170 3642 1234 3703 aliis
1257 3641 1415 3702 crudeliter
1437 3647 1595 3719 usurpata,
1619 3659 1676 3700 riou

312 3751 373 3800 §.tt
382 3744 488 3804 imitari
511 3744 598 3802 modo
622 3751 650 3803 et
672 3762 805 3821 aequare,
837 3746 888 3805 sed
912 3746 1029 3805 sincere
1057 3746 1144 3804 etiam
1167 3745 1332 3806 noritondat.
1378 3742 1463 3814 Orrod
1486 3760 1523 3801 ne
1545 3743 1613 3819 quis
1635 3749 1707 3802 teu

273 3874 276 3879 ’
380 3864 462 3905 mere
484 3845 597 3905 venisse
619 3846 647 3903 iu
671 3846 867 3922 suspicionem
890 3846 961 3906 mihi
985 3846 1133 3916 crederet,
1163 3846 1298 3925 quaedam
1320 3844 1396 3905 illius
1418 3845 1506 3904 etiam
1531 3843 1606 3902 lacta
1629 3842 1677 3902 de·

381 3945 536 4025 pingebam
560 3945 666 4023 quibus
688 3946 836 4022 specimen
860 3948 904 4007 sui
927 3947 1022 4016 dedit,
1047 3955 1075 4007 et
1097 3965 1112 4006 a
1137 3948 1244 4026 quibus
1265 3942 1411 4007 coniicere
1426 3952 1485 4013 cst,
1509 3943 1678 4004 huiusmodi

380 4050 430 4128 qui
452 4049 646 4117 commiserit,
676 4046 769 4126 qualis
797 4065 851 4124 per
874 4046 927 4107 alia
951 4066 1015 4108 esse
1038 4051 1143 4125 possit;
1177 4067 1300 4127 (qumque
1323 4048 1501 4108 documento
1524 4044 1603 4105 haud
1626 4044 1678 4105 ob·

380 4169 467 4211 soure
489 4155 573 4219 sunt,
603 4150 672 4227 quid
700 4150 736 4209 de
765 4150 828 4226 ipso
855 4168 976 4226 sperare
1002 4151 1032 4209 in
1054 4150 1186 4211 luturum
1208 4151 1342 4210 homines
1364 4147 1505 4209 debeant:
1541 4147 1680 4225 quidest

380 4251 459 4313 aliud
481 4253 559 4312 euim
582 4250 768 4311 Phalaridem
791 4251 962 4328 magistrum
985 4253 1084 4329 sequi,
1114 4271 1202 4331 quam
1231 4252 1328 4312 iacere
1354 4257 1385 4309 et
1412 4249 1549 4308 meditari
1570 4249 1710 4315 crude-³5

378 4353 445 4415 liter·
467 4336 579 4423 omnia,
610 4353 715 4431 cupide
739 4352 890 4413 elluudere
912 4354 1101 4430 sauguinem,
1131 4354 1212 4414 avide
1235 4354 1356 4430 punire,
1379 4357 1520 4428 torquere
1541 4348 1678 4418 libenter,

379 4455 548 4533 depeculari
570 4475 654 4524 sune,
678 4456 808 4515 insidiari
832 4452 947 4521 alionis,
972 4456 1061 4514 riietui
1084 4453 1170 4514 malle
1193 4472 1281 4533 (quam
1304 4453 1409 4519 amari,
1435 4452 1530 4512 rivere.
1554 4452 1584 4510 iu
1600 4452 1677 4518 odio,

379 4553 415 4614 ali
445 4558 676 4633 suspiriouihos;
711 4558 827 4616 interim
856 4554 1006 4615 luxuriose
1036 4555 1126 4616 iruulta
1154 4555 1349 4632 profundere,
1377 4555 1483 4614 iniuste
1512 4550 1603 4612 multa
1632 4571 1678 4611 ra-

378 4673 466 4730 pere,
482 4664 598 4732 stupra.
615 4657 726 4723 caedes,
744 4655 895 4725 adulteria,
912 4663 1057 4726 torturas,
1074 4676 1193 4725 cruces,
1210 4656 1331 4735 loqueos
1346 4654 1457 4715 habere
1473 4656 1503 4713 in
1518 4659 1677 4731 promptu?

441 4854 451 4885 '³
469 4855 614 4904 obiicieus.
633 4874 701 4905 corr.
717 4859 752 4907 ΙΙ.
760 4861 785 4908 2.
824 4859 844 4891 ¹²
862 4856 976 4924 forring]
990 4859 1072 4924 Verg.
1087 4859 1154 4908 heu.
1169 4860 1215 4908 vl.
1227 4857 1286 4909 303.
1300 4904 1312 4922 ,
1323 4856 1344 4889 ¹⁸
1362 4853 1481 4920 Tertio]
1501 4856 1569 4905 ibid.
1582 4856 1674 4906 vobo.

378 4937 516 4988 'lerribilo
535 4940 673 5005 squallore
692 4945 719 4990 2.
772 4940 793 4975 ¹¹
811 4943 967 5009 l'hlcgeton
980 4945 1006 4992 2.
1060 4942 1081 4976 ¹⁷
1099 4959 1151 4993 nec
1169 4940 1258 5009 pueri]
1277 4941 1403 4992 Iuvenul.
1418 4946 1472 4992 sat.
1487 4940 1526 4992 11.
1539 4940 1596 4991 lot.
