3917 5950
466 668 616 723 cxnvm.
635 683 841 721 rraennanrsnr
854 683 891 719 sn
904 668 1021 720 arenosi.
1035 681 1166 720 suasorii
1179 683 1222 719 nr.
1241 682 1268 719 n.
1281 683 1307 720 a.
1323 676 1382 719 tato.
1396 683 1419 719 s.
1434 675 1493 718 toto.
1564 650 1636 726 319

343 854 450 901 veteres
471 844 622 918 discipliuae
645 844 820 905 reviviscere,
847 842 987 899 literarum
1009 842 1098 898 studia
1121 842 1219 899 llorere
1241 851 1270 898 et
1291 859 1385 898 omncs
1410 842 1489 899 honae
1516 852 1589 899 artes
1612 844 1640 899 in

343 930 431 986 lucem
460 930 572 1004 prodire
600 929 749 1003 incipiunt;
784 927 882 1001 quihus
910 926 985 983 hreni
1012 927 1130 982 universi
1160 926 1199 981 illi
1227 927 1335 983 barbari
1362 927 1456 982 hostes
1488 925 1638 1002 profligari,

343 1014 410 1090 pelli
431 1023 460 1071 et
477 1015 587 1088 penitus
608 1030 623 1069 e
646 1013 734 1069 medio
758 1011 817 1068 tolli
839 1021 970 1086 possunt,
1002 1012 1037 1068 ita
1061 1020 1092 1067 ut
1113 1020 1208 1067 nostra
1231 1012 1371 1067 Germania
1392 1029 1448 1067 non
1470 1012 1559 1068 solum
1582 1013 1639 1068 hel-

345 1099 395 1156 liea
420 1098 516 1161 laude.
547 1098 681 1155 maiorum
706 1097 848 1154 nobilitate
875 1114 906 1152 ac
933 1097 1046 1152 Romani
1072 1096 1177 1170 imperii
1206 1097 1411 1170 praeminentia
1436 1097 1561 1160 excellat,
1591 1098 1638 1153 sed

323 1183 467 1242 somnium
493 1182 625 1240 bonarum
652 1182 793 1238 literarum
820 1181 946 1243 scientia.
975 1189 1135 1237 cunctarum
1162 1181 1366 1255 disciplinarum
1389 1181 1557 1244 eruditione,
1586 1182 1640 1238 cla·

345 1267 518 1324 rissimorum
539 1267 710 1341 ingeniorum
732 1265 873 1323 loelicitate
895 1265 1064 1328 illustretur,
1087 1265 1254 1328 celebretur.
1275 1266 1427 1321 decoretur.
1470 1266 1639 1339 quandoqui-

345 1353 406 1409 dem
426 1352 459 1408 ad
482 1360 585 1408 tantam
605 1352 824 1424 consequendam
842 1351 982 1407 victoriam
1002 1368 1089 1423 neque
1109 1349 1225 1406 militum
1247 1351 1325 1407 deest
1348 1350 1499 1412 exercitus,
1524 1350 1640 1424 impera·

346 1446 436 1493 torum
457 1436 540 1493 etiam
559 1444 685 1509 superest
704 1452 814 1490 manus:
842 1452 903 1490 nam
925 1443 956 1490 ut
979 1434 1101 1508 reliquos
1123 1434 1274 1491 studiorum
1297 1443 1490 1509 praetereamus
1506 1434 1640 1490 relocilla-

345 1530 436 1584 toras,
458 1538 551 1578 nonne
573 1519 750 1576 illustrissimi
774 1519 813 1575 illi
836 1519 959 1574 Saroniae
979 1520 1077 1580 lluces.
1097 1519 1218 1593 quamvis
1237 1520 1368 1575 maiorum
1390 1518 1478 1576 titulis
1499 1520 1566 1574 adeo
1585 1521 1640 1575 sint

315 1606 482 1679 roinsignes,
507 1604 604 1679 opilius
626 1613 679 1661 tam
701 1612 843 1677 potentes,
875 1604 956 1659 animi
978 1612 1007 1659 et
1027 1604 1152 1677 corporis
1174 1604 1283 1659 dotibus
1303 1604 1416 1678 perinde
1438 1604 1585 1666 fortunati.
1609 1614 1640 1661 ut

346 1690 382 1746 nil
404 1691 438 1745 ad
460 1699 517 1745 tani
537 1689 692 1745 ahsolutum
715 1688 863 1744 felicitatis
884 1688 1021 1745 cumulum
1044 1688 1104 1744 addi
1123 1705 1205 1762 posse
1220 1689 1355 1752 videatur,
1382 1688 1453 1744 ultra
1475 1689 1533 1744 hmo
1551 1698 1639 1744 tamen

346 1773 465 1830 literaria
490 1774 687 1830 instauratione
712 1773 906 1834 immortalem,
934 1790 1023 1828 veram
1049 1782 1078 1829 et
1105 1790 1242 1846 nunquam
1268 1774 1500 1848 intermorituram
1520 1773 1571 1828 sihi
1594 1791 1640 1847 pe·

345 1876 442 1933 perere
460 1857 584 1932 gloriam.
630 1875 709 1931 quam
728 1857 801 1913 enirn
822 1858 965 1921 maiorem,
991 1856 1137 1913 firmiorem
1162 1866 1190 1914 et
1212 1858 1396 1915 honestiorem
1420 1858 1461 1914 sui
1483 1859 1640 1914 memoriam

346 1960 461 2017 magnus
484 1942 528 1998 ille
548 1943 660 1999 Romani
684 1942 789 2016 imperii
812 1942 916 1998 elector
940 1942 1112 1998 l'ridorichus
1134 1942 1256 1999 Senoniae
1278 1942 1333 1998 linx
1359 1943 1577 2017 incomparabilis
1599 1960 1641 1997 re·

317 2027 472 2102 relinquere
493 2027 629 2101 potuisset
651 2044 730 2102 quarn
750 2026 831 2083 talem
853 2035 962 2101 tamque
986 2019 1124 2100 egregiam
1146 2027 1306 2082 academiam
1329 2028 1449 2100 erigere,
1476 2046 1537 2099 quae
1559 2028 1640 2083 etiarn

345 2130 406 2169 cum
426 2111 525 2187 priscis
548 2110 602 2168 illis
618 2113 809 2174 contenderet,
832 2113 1009 2185 praesentium
1030 2128 1093 2167 vero
1114 2111 1181 2167 nulli
1204 2112 1332 2174 inferior,
1355 2113 1480 2185 plurimis
1503 2122 1576 2169 esset
1596 2130 1641 2168 su·

345 2197 453 2272 perior:
488 2196 621 2270 siquidem
639 2195 698 2252 celi
718 2196 779 2270 quis
800 2195 894 2252 stellas
916 2204 995 2253 autea
1017 2204 1173 2251 numeraret
1195 2213 1274 2270 quam
1296 2214 1385 2253 veram
1405 2197 1558 2253 studiorum
1581 2197 1641 2253 olfi-

345 2281 433 2338 oinam
454 2280 528 2337 illam
547 2280 629 2355 digne
651 2281 761 2353 laudare
785 2289 833 2337 ant
860 2288 903 2336 tot
930 2281 1150 2338 doctissimorum
1176 2281 1295 2337 virorum
1322 2283 1416 2338 merita
1441 2282 1579 2356 praeconia
1597 2300 1641 2338 ce-

345 2365 453 2422 lebrare
475 2365 587 2439 posset?
620 2365 677 2421 lloc
698 2358 773 2421 nullo
800 2382 854 2422 non
873 2366 1075 2422 memorandum
1099 2383 1156 2422 aevo
1178 2366 1282 2440 primos
1305 2367 1389 2423 luisse
1412 2366 1641 2440 Vitenhergenses

316 2451 487 2524 arsapientes
512 2450 558 2523 qui
580 2458 645 2523 post
667 2458 707 2507 tot
728 2450 818 2506 secula
844 2449 938 2507 oculos
959 2450 1079 2524 aperire,
1108 2467 1200 2506 verum
1222 2469 1237 2505 a
1260 2450 1329 2507 lalso
1356 2451 1518 2524 dignoscere
1543 2451 1641 2506 etfde·

346 2543 484 2608 praratam
513 2534 723 2608 philosophandi
753 2535 887 2591 rationem
915 2551 931 2589 a
958 2534 1110 2591 Christiana
1139 2535 1279 2609 theologia
1305 2552 1446 2593 secernere
1480 2536 1641 2609 inceperint.

345 2619 432 2676 lluius
461 2619 529 2676 tanti
557 2619 689 2693 principis
714 2619 828 2692 vestigia
856 2629 989 2692 sequutus
1020 2619 1221 2676 illustrissimus
1248 2621 1374 2677 dominus
1402 2630 1479 2684 tuus,
1507 2621 1641 2693 Georgius

346 2703 471 2760 Saxomae
497 2705 551 2760 dux
578 2703 801 2766 florentissimus,
831 2705 877 2779 qui
904 2721 938 2760 ne
964 2712 1064 2778 patruo
1092 2705 1238 2761 virtutihus
1264 2706 1372 2772 cederet
1398 2716 1445 2761 aut
1465 2723 1531 2780 pace
1552 2706 1643 2761 minor

346 2805 427 2863 quam
450 2787 524 2845 hello
546 2795 634 2850 esset,
658 2789 823 2864 Lypsensem
846 2807 922 2845 suam
945 2789 1106 2845 academiam
1129 2789 1166 2845 ita
1185 2790 1273 2846 doctis
1293 2790 1358 2846 viris
1376 2800 1503 2853 exornat,
1526 2791 1642 2846 ita-stu-

314 2863 457 2930 aadiorum
478 2873 610 2930 incuriam
631 2872 779 2946 diligenter
799 2875 934 2936 emendat,
963 2874 1001 2930 ita
1029 2864 1160 2930 honarum
1188 2875 1286 2931 artium
1312 2875 1426 2949 cupidos
1453 2875 1579 2949 instigat,
1612 2882 1642 2930 ut

346 2975 402 3015 non
425 2959 558 3016 minorem
579 2957 641 3014 inde
663 2959 778 3033 gloriam
799 2967 985 3034 consequatur
1007 2977 1086 3033 quam
1109 2958 1313 3033 disciplinarum
1338 2959 1472 3016 candidati
1495 2959 1641 3016 utilitatem

345 3043 540 3117 adipiscantur.
585 3044 682 3117 quodsi
702 3043 792 3100 verbis
814 3045 933 3120 reliquas
956 3044 1025 3101 tanti
1049 3045 1140 3100 herois
1159 3044 1199 3099 tui
1221 3044 1335 3100 virtutes
1363 3044 1507 3118 complecti
1534 3042 1640 3105 vellem,

346 3127 385 3182 nil
409 3127 482 3185 aliud
504 3128 629 3201 prolecto
649 3145 758 3202 agerem
774 3147 854 3202 quarn
873 3130 941 3186 solis
963 3130 1136 3203 splendorem
1157 3129 1253 3185 iaculis
1275 3129 1421 3185 illustrare.
1459 3129 1592 3185 Caeterum
1611 3137 1643 3185 ut

348 3212 456 3269 huelem
484 3214 517 3268 ad
546 3212 692 3269 lucianum
720 3222 845 3270 nostrum
875 3224 1011 3276 revertar,
1038 3231 1090 3287 ego
1119 3214 1181 3277 tihi,
1210 3214 1244 3270 mi
1267 3215 1450 3270 eruditissime
1470 3214 1641 3288 hieronyme,

313 3304 403 3356 atam
431 3296 551 3371 lepidum
577 3297 724 3354 Rhetorem
754 3307 782 3354 et
810 3308 952 3356 venustum
980 3299 1086 3355 dicendi
1109 3299 1269 3372 magistrum
1288 3300 1397 3361 dedico,
1426 3316 1481 3355 uon
1502 3299 1590 3356 solum
1613 3306 1643 3353 nt

347 3381 475 3438 amicitie
496 3390 599 3439 nostrae
619 3383 721 3456 pignus
743 3383 780 3439 sit
801 3385 997 3447 certissimum.
1026 3386 1073 3441 sed
1096 3385 1318 3457 quemadmodum
1342 3402 1384 3440 me
1403 3382 1468 3440 olim
1490 3384 1517 3439 in
1539 3383 1643 3440 bellicis

347 3464 432 3522 rebus
452 3466 613 3523 llartialium
634 3468 773 3541 copiarum
795 3469 890 3525 (lucem
908 3487 968 3525 esse
991 3470 1095 3533 vidisti,
1123 3470 1160 3525 ita
1181 3487 1252 3526 nunc
1274 3470 1302 3526 in
1326 3469 1526 3526 Reuehliuianis
1545 3468 1643 3525 eastris

348 3550 460 3607 ordines
479 3559 620 3625 gerentem
641 3569 696 3608 non
719 3552 829 3627 penitus
851 3554 976 3628 ignavum
996 3541 1171 3623 ἀλεξίκακον
1193 3572 1253 3610 esse
1268 3572 1431 3628 cognoscas,
1454 3554 1567 3610 maxime
1582 3572 1643 3609 cum

350 3643 382 3691 tu
405 3652 516 3710 quoque
537 3625 709 3707 ἀλαστόρων
726 3637 837 3694 illorum
860 3639 1016 3713 praecipuus
1038 3639 1125 3696 hostis
1148 3640 1247 3695 existas
1266 3648 1293 3695 et
1314 3641 1341 3694 in
1357 3639 1551 3696 lleuchliniano
1570 3656 1643 3695 com-

311 3719 450 3778 tsmilitio
479 3719 561 3793 (absit
588 3722 671 3779 verbo
700 3723 809 3795 invidia)
836 3724 984 3780 acerrimus
1013 3733 1204 3798 propugnator
1237 3724 1369 3780 habearis.
1419 3726 1516 3799 Accipe
1532 3767 1535 3773 .
1550 3726 1642 3797 igitur,

347 3804 513 3879 llieronyme
534 3806 707 3870 amicissime,
732 3825 829 3864 munus
852 3817 882 3864 ut
902 3809 1023 3865 arhitror
1043 3826 1098 3865 non
1122 3810 1233 3865 omnino
1259 3810 1409 3883 ingratum,
1433 3828 1463 3866 ac
1484 3810 1644 3865 ltilihaldum

347 3898 427 3947 tuum
451 3907 544 3947 amore
567 3900 596 3947 et
622 3891 823 3955 benevolentia,
850 3902 881 3949 ut
905 3912 1014 3969 semper
1040 3896 1142 3957 iecisti.
1170 3912 1346 3969 prosequere.
1390 3895 1503 3950 Paulum
1532 3896 1643 3950 Pracht·

347 3974 468 4031 bestium
489 3975 703 4033 iureconsultum
724 3976 903 4035 clarissimum
932 3988 961 4036 et
980 3980 1125 4037 llenricum
1154 3979 1322 4037 Stromerum
1352 3981 1484 4037 medicum
1512 3988 1644 4054 praestan·
1674 4010 1683 4026 ·

348 4059 485 4117 tissimum
507 4077 568 4117 meo
589 4061 699 4132 nomine
717 4060 821 4126 saluta,
844 4072 875 4121 tn
897 4082 1006 4139 quoque
1029 4066 1117 4123 lausto
1140 4074 1168 4122 et
1190 4065 1317 4123 foeliciter
1338 4066 1395 4122 vive
1417 4065 1531 4123 novale.

350 4190 555 4203 —

419 4274 440 4308 ¹⁴
456 4277 636 4339 „Friderieus
648 4277 785 4329 Saxonum
797 4280 851 4330 dux
864 4280 997 4332 bonarum
1008 4281 1152 4333 literarum
1164 4284 1360 4332 instaurator’'.
1380 4284 1415 4332 ad
1425 4298 1505 4346 marg.
1542 4279 1563 4313 ¹⁹
1576 4279 1643 4343 „Vi-

346 4359 549 4427 tenbergensss
571 4362 708 4429 Theologi
731 4357 917 4415 Christianam
940 4367 1042 4417 docent
1064 4367 1250 4432 theologiam”
1274 4369 1299 4416 in
1322 4384 1403 4432 niarp.
1439 4365 1643 4432 (Pirckheime

348 4459 396 4494 rus
421 4460 481 4494 eum
505 4445 566 4496 haec
590 4447 743 4511 scriberet,
767 4450 910 4500 Emserum
934 4453 1097 4502 acerrimum
1121 4452 1215 4501 horum
1239 4450 1429 4516 theologorum
1451 4451 1560 4500 hostem
1583 4466 1645 4500 mox

348 4527 471 4578 futurum
491 4545 552 4580 esse
571 4546 625 4581 non
644 4536 687 4581 est
706 4534 878 4599 auguratus.)
970 4534 990 4568 ⁸¹
1016 4538 1044 4586 in
1067 4536 1162 4586 bellic.
1182 4533 1249 4601 roh]
1274 4541 1371 4585 contra
1389 4537 1547 4598 Helvetios,
1574 4536 1646 4601 quod

347 4612 453 4663 ballum
465 4614 579 4664 Pirclrh.
594 4619 800 4667 commentariis
816 4618 972 4685 descripsit.
994 4622 1036 4672 ct.
1051 4621 1143 4687 p.‘200.
1159 4622 1175 4669 i.
1191 4622 1210 4673 l.
1259 4619 1280 4652 ³³
1298 4610 1385 4687 elleh]
1405 4622 1537 4672 malorum
1550 4622 1645 4687 depul-

347 4711 439 4748 sorem
491 4688 698 4765 “daemoes
716 4701 774 4766 (ele)
788 4704 814 4753 1.
850 4704 1031 4756 scelestorum
1051 4708 1178 4770 (fratrum
1196 4705 1418 4770 cucullatorum).

805 4905 1182 4923 —-—-—---
1255 4911 1259 4917 -
