3917 5950
428 634 566 693 CXXXII.
586 655 669 696 nrrr.
683 653 720 693 an
733 653 812 692 rara.
826 654 861 692 oe
875 652 979 692 ιιι-*εις
994 654 1047 691 cao
1061 652 1240 692 rnarnnrseo
1253 653 1402 692 ,ariacoorm
1425 648 1482 694 tate.
1531 623 1604 700 289

305 812 335 874 in
357 832 453 892 eaque
476 811 683 892 prosequenda
706 812 785 872 hand
808 810 892 872 aliter
914 829 948 872 ac
971 809 1096 888 publicae
1118 811 1241 872 alicuius
1268 818 1297 871 et
1324 810 1411 889 plane
1441 816 1605 874 communis

304 916 420 976 iniuriae
444 915 598 975 vindictam
622 914 758 974 univorsa
781 931 874 992 prope
897 911 1033 973 nobilitas
1055 915 1233 990 susceperit,
1263 921 1294 973 tu
1318 915 1451 973 irnentns
1475 933 1551 974 rrrrus
1573 935 1605 975 es

304 1017 355 1096 qni
384 1034 446 1076 non
474 1015 563 1075 modo
591 1014 646 1074 suu
677 1015 740 1074 haec
767 1015 850 1090 signa
875 1033 934 1073 non
958 1013 1118 1083 concedas,
1150 1014 1202 1073 sed
1224 1014 1379 1075 trostililms
1401 1018 1490 1075 etiam
1513 1019 1603 1094 copiis

305 1119 386 1176 omni
407 1124 437 1176 te
459 1124 566 1175 conatu
590 1117 718 1175 inseras?
741 1115 805 1176 Non
830 1115 924 1175 dicam
947 1116 1005 1175 lroe
1027 1118 1104 1175 enim
1127 1116 1206 1195 qnod
1222 1117 1339 1191 gravius
1355 1124 1406 1184 est,
1425 1115 1602 1196 (quanquam
1617 1124 1664 1174 §.s

293 1217 376 1296 sqnid
405 1217 500 1277 refert
526 1216 599 1283 dici,
629 1235 697 1276 curu
725 1223 756 1277 tu
786 1216 868 1277 illum
891 1219 999 1276 veteris
1025 1219 1157 1277 amicitiae
1180 1217 1281 1277 tarnem
1304 1219 1346 1277 sic
1368 1217 1509 1277 uiolenter
1533 1221 1603 1279 inei·

303 1318 410 1398 deris‘t)
434 1320 519 1396 prius
541 1325 710 1378 nostrarum
733 1324 761 1377 te
784 1318 873 1378 luisse
896 1320 1040 1396 partium,
1065 1318 1170 1377 deinde
1193 1319 1293 1378 nescio
1315 1338 1374 1397 qno
1394 1326 1476 1379 motu
1498 1319 1534 1379 ad
1550 1320 1603 1379 ho·

303 1418 378 1481 suna
402 1419 595 1496 transfugisse
618 1426 723 1479 castra.
768 1420 863 1498 Atque
887 1419 934 1478 liic
956 1419 1127 1479 iamdudum
1157 1420 1206 1497 qui
1235 1418 1312 1478 harre
1340 1421 1474 1481 iniuriam
1507 1440 1602 1481 meam

304 1522 432 1599 iniquius
461 1527 549 1600 atque
577 1524 724 1599 ipsc0ego
753 1521 866 1585 lerunt,
897 1527 928 1581 ut
957 1529 984 1578 te
1014 1519 1109 1599 aliqua
1139 1521 1306 1595 ignominiae
1335 1519 1603 1600 ll'irtenpergensis

303 1629 384 1698 gutta
407 1622 600 1701 adspergam,
624 1628 795 1700 expectant;
820 1638 917 1699 neque
940 1639 995 1697 ego
1018 1628 1046 1681 te
1069 1621 1096 1680 id
1121 1623 1264 1682 meruisse
1289 1623 1406 1681 nescius
1429 1641 1510 1689 sinn,
1540 1625 1601 1691 sed,

293 1741 370 1802 ·qnae
397 1741 464 1783 mea
493 1731 537 1783 est
564 1730 685 1791 natura,
715 1723 813 1782 rnitins
841 1739 926 1797 agam
955 1729 1054 1782 tecum
1082 1720 1233 1783 lacessitus
1262 1741 1349 1801 quam
1377 1742 1493 1783 mecum
1518 1732 1548 1785 tu
1571 1727 1601 1785 in

302 1825 437 1885 amicitiae
468 1824 565 1885 adhuc
596 1826 734 1902 opinione
756 1825 940 1883 curistitntus.
986 1823 1047 1882 Etsi
1070 1823 1176 1882 crebro
1199 1823 1269 1882 milri
1292 1822 1441 1884 inculcant
1463 1824 1502 1884 illi
1524 1845 1600 1888 nnn·
1614 1837 1661 1886 §.s

302 1943 392 2005 quam
419 1933 448 1985 te
477 1927 533 1986 nisi
563 1927 705 1986 maiorem
735 1926 834 1985 nescio
858 1926 942 1985 cuins
964 1925 1120 2002 pecuniam
1143 1925 1283 1983 odoratus
1306 1943 1399 1992 esses,
1430 1929 1602 1987 commissu·

302 2045 370 2087 rum
399 2028 490 2087 fnisse
519 2033 550 2086 nt
578 2035 680 2087 contra
713 2033 794 2087 tumn
825 2026 973 2094 ordinem,
1010 2032 1112 2083 contra
1142 2026 1279 2102 pristinas
1307 2028 1463 2095 amicitiae,
1499 2036 1600 2089 eontra

303 2127 455 2206 publicum
478 2130 644 2199 Germaniae
674 2146 709 2187 ac
738 2129 853 2207 imperii
882 2129 969 2186 totins
992 2126 1102 2186 bormm
1126 2127 1252 2186 hominis
1275 2126 1343 2186 toedi
1366 2145 1400 2187 ac
1423 2127 1600 2189 detestabilis

303 2236 333 2289 et
354 2228 474 2308 publico
497 2231 583 2289 etiam
606 2229 713 2289 iudicio
736 2230 922 2290 condemnati
945 2247 1063 2287 causam
1086 2229 1220 2286 tuereris.
1257 2228 1341 2299 (tired
1365 2235 1397 2287 ut
1414 2246 1516 2289 rerum
1539 2248 1598 2289 non
1615 2246 1660 2295 §.a

302 2332 353 2399 sit,
383 2349 481 2410 neque
509 2332 579 2390 item
607 2330 655 2390 illa
678 2332 707 2390 in
731 2339 759 2390 te
782 2331 858 2390 laura
881 2335 1040 2405 congruat,
1071 2347 1128 2407 qna
1151 2329 1261 2397 lectur,
1291 2348 1358 2388 cnm
1381 2332 1526 2408 principio
1548 2350 1599 2392 ne·

302 2432 372 2507 gotii
401 2431 490 2490 lartius
517 2451 620 2492 onnres
648 2451 716 2492 suas
745 2450 846 2499 curas,
882 2449 1000 2490 onmem
1029 2429 1267 2521 sollicitudiuem,
1300 2429 1398 2490 abdita
1427 2438 1456 2491 et
1482 2451 1599 2504 arcana,

302 2530 381 2593 relnt
403 2532 531 2592 honrinis
553 2536 598 2593 sni
621 2534 812 2593 amantissimi
834 2531 948 2610 sibique
971 2550 1025 2608 per
1049 2533 1145 2591 omnia
1168 2532 1233 2599 suli,
1263 2533 1300 2591 ita
1326 2533 1355 2591 in
1379 2533 1476 2592 sinum
1498 2535 1600 2610 prolu-
1664 2559 1666 2562 ’

302 2632 392 2693 disset
420 2641 504 2693 tunm
533 2633 735 2704 Lndorielms,
767 2633 877 2713 tibique
905 2633 942 2693 ad
965 2634 1111 2692 Caesarem
1138 2634 1197 2692 iam
1226 2639 1288 2692 tum
1317 2633 1514 2723 proficiscenti
1536 2655 1600 2696 rem
1651 2692 1654 2698 ,
1704 2675 1707 2680 -
1792 2694 1800 2709 ,

293 2740 395 2795 ιιοιιιιι
418 2736 625 2804 commisisset,
650 2735 745 2814 neque
768 2744 800 2796 tn
821 2753 881 2795 non
902 2740 1040 2813 prompte
1055 2734 1253 2811 peragendam
1270 2736 1434 2813 accepisses
1449 2754 1599 2812 magnam·

301 2854 358 2915 qne
386 2837 451 2896 seni
479 2835 630 2896 industriae
658 2843 716 2896 tnee
743 2854 839 2916 spem
854 2837 988 2903 fecisses,
1018 2842 1192 2915 corruptum
1222 2843 1249 2894 te
1278 2836 1365 2913 paulo
1393 2846 1460 2914 post
1481 2843 1597 2917 tyranni
1612 2859 1659 2908 §.e

302 2936 476 3000 muneribus
498 2939 595 2998 omnia
619 2939 772 2999 invertisse
794 2957 829 2999 ae
851 2947 983 2998 nestram
1006 2936 1083 3017 apud
1104 2936 1248 2998 Caesarem
1272 2937 1478 2998 contumeliam
1501 2940 1598 3002 verbis

302 3037 449 3107 elevasse,
479 3039 556 3100 illins
585 3046 687 3100 contra
715 3040 811 3099 scelus
841 3058 982 3100 excusare
1011 3046 1165 3108 cenatum,
1200 3047 1231 3099 nt
1252 3058 1348 3117 neque
1375 3039 1438 3109 illa,
1468 3044 1597 3119 inquam,

301 3142 331 3201 in
353 3147 382 3201 te
405 3141 483 3201 lama
505 3147 666 3216 congruat,
691 3154 858 3221 quanquam
882 3141 1069 3201 lardor'iclms
1092 3143 1153 3218 ipse
1176 3141 1319 3203 inimitus.
1349 3158 1386 3199 nc
1409 3142 1460 3200 tibi
1483 3143 1597 3211 deleret,

301 3259 454 3321 nunqnam
484 3250 549 3320 post
576 3261 644 3302 eum
672 3242 750 3303 diem
778 3245 856 3304 visus
884 3251 928 3302 est
957 3243 1138 3303 familiariter
1169 3242 1322 3308 conterre,
1352 3243 1460 3302 nedum
1490 3243 1597 3322 aliquid

300 3361 440 3411 snorum,
465 3351 496 3403 nt
517 3345 614 3422 prinS,
638 3344 865 3404 sollicitudinum
888 3346 1121 3412 communicare,
1146 3351 1243 3403 tamen
1266 3349 1298 3401 ut
1320 3346 1497 3404 mentiantur
1520 3347 1598 3407 inte

300 3444 450 3513 homines,
479 3453 508 3505 et
530 3443 577 3505 ille
599 3443 690 3505 lalsns
713 3445 801 3506 luerit
823 3446 859 3506 de
883 3452 910 3506 tc
932 3453 965 3505 nt
988 3448 1029 3504 sic
1052 3446 1202 3510 crederet,
1230 3444 1367 3523 illamque
1390 3444 1442 3505 tilii
1464 3448 1596 3523 magniti·
1611 3460 1656 3510 §.e

300 3564 364 3608 cam
387 3553 520 3624 pateram
541 3545 598 3605 alio
620 3548 754 3615 nomine,
790 3565 848 3606 non
881 3558 912 3607 ut
941 3555 1044 3607 eontra
1072 3566 1126 3605 nos
1154 3546 1209 3605 sibi
1237 3545 1421 3612 consuleres,
1457 3555 1598 3625 tyrannus

299 3648 430 3716 dederit,
454 3655 483 3708 et
504 3654 533 3708 te
556 3647 653 3707 Caesar
676 3650 737 3726 ipse
761 3648 834 3708 lalso
856 3648 947 3708 multa
971 3657 999 3708 te
1023 3648 1140 3724 indigna
1165 3648 1315 3707 aelurisisse
1338 3654 1366 3707 et
1389 3648 1546 3709 crediderit
1570 3657 1599 3709 et

300 3747 362 3809 aliis
393 3751 588 3828 persuaserit,
622 3756 720 3810 tamen
751 3768 819 3810 cnm
846 3757 875 3810 te
906 3752 948 3810 sic
980 3758 1012 3809 nt
1041 3750 1162 3809 tratrem
1190 3749 1325 3809 dilexerit
1353 3768 1470 3828 seraper
1499 3750 1596 3810 Ludo-

299 3849 402 3911 riclrns
423 3849 534 3929 tibique
557 3851 644 3912 fldem
667 3853 696 3911 in
719 3851 856 3912 omnibns
878 3852 1030 3922 habirent,
1062 3859 1090 3912 te
1118 3853 1257 3929 pecnnia,
1286 3857 1315 3911 te
1344 3869 1400 3928 ope
1428 3870 1463 3911 ae
1491 3851 1596 3929 opibus

299 3953 474 4013 amicissime
496 3970 613 4032 semper
635 3955 754 4022 iuverit,
786 3954 855 4032 quid
879 3954 975 4013 tacere
999 3971 1059 4012 non
1082 3953 1208 4013 debuisti
1237 3952 1292 4011 troc
1320 3971 1358 4012 ne
1381 3953 1495 4013 laceres
1517 3953 1594 4031 quod

298 4054 328 4113 in
351 4052 428 4115 illius
449 4052 671 4133 liberorumque
692 4056 756 4115 eins
779 4055 986 4115 contumeliam
1010 4072 1132 4130 vergere
1155 4055 1265 4115 scires?
1297 4055 1320 4114 Α
1343 4072 1390 4113 me
1413 4072 1482 4113 vero
1505 4064 1663 4130 quamam

298 4172 359 4215 non
375 4154 569 4216 conveniebat
590 4155 667 4215 hanc
689 4163 718 4216 te
740 4158 901 4236 auspicari,
926 4159 1045 4236 quicum
1069 4155 1119 4215 tibi
1142 4163 1250 4233 praeter
1272 4154 1343 4214 alias
1364 4153 1595 4214 necessitudines

300 4256 467 4317 studiorum
489 4257 576 4317 etiam
600 4258 767 4318 communio
790 4256 861 4317 lunt
889 4260 984 4339 Atque
1007 4259 1095 4333 igitur
1118 4263 1227 4336 quanto
1250 4256 1491 4331 intemperantius
1513 4260 1542 4312 tu
1568 4260 1595 4311 te

297 4358 392 4434 geris,
423 4359 473 4436 qni
495 4359 537 4417 sic
560 4358 699 4419 ardenter
722 4359 822 4424 odisti,
854 4378 942 4438 quam
966 4377 1036 4434 ego,
1069 4360 1118 4435 qui
1146 4345 1198 4416 alis
1227 4365 1254 4416 te
1279 4356 1365 4415 lastis
1388 4373 1454 4413 itum
1478 4371 1594 4431 possem

298 4457 355 4519 alio
383 4458 512 4537 quodam
542 4460 629 4519 modo
656 4462 792 4520 iniuriam
822 4460 897 4520 lianc
923 4458 1110 4537 expostulare
1133 4466 1246 4523 tecum,
1276 4458 1317 4515 sic
1340 4473 1394 4532 ago
1418 4464 1447 4515 ut
1471 4474 1531 4515 non
1554 4457 1594 4515 vi·

297 4559 370 4621 dear
397 4559 605 4621 contumeliam
635 4561 711 4620 laeto
741 4562 857 4627 ulcisci,
887 4561 937 4619 sed
968 4562 1094 4635 iurgium
1125 4560 1207 4637 qnasi
1236 4557 1326 4617 serbo
1349 4556 1476 4624 diluere,
1506 4557 1594 4636 idque

297 4663 592 4741 pretereundum
615 4662 754 4723 consilia?
787 4664 843 4722 iarn
867 4663 923 4721 lroe
946 4680 1048 4721 (trames
1071 4661 1140 4721 milri
1168 4659 1294 4718 clamant
1321 4659 1397 4718 enim
1428 4658 1513 4731 ‘Quid
1542 4659 1661 4728 tutan.

299 4772 452 4844 acceptam
475 4743 504 4823 in
527 4770 555 4824 te
578 4763 665 4824 talem
688 4764 895 4825 contumeliam
925 4782 984 4823 riou
1008 4763 1114 4838 insigni
1137 4761 1233 4839 aliquo
1257 4761 1387 4820 lacinore
1409 4759 1590 4820 ulcisceris't'

362 4950 526 5018 'perseq.².
562 4951 879 5016 ⁸Wiirtenbergcnsis2.
915 4950 1114 5015 ”aspergeret
1151 4948 1172 4980 ¹⁷
1182 4948 1344 5013 abditalpro
1355 4948 1556 5011 editalcorrJI.
1565 4950 1590 4997 2.

353 5052 488 5104 Hvrrnr
507 5051 576 5103 Orr.
595 5067 660 5103 roc.
674 5052 696 5103 1.
1335 5032 1372 5092 ¹9
