3917 5950
340 669 527 720 annuunt.
542 663 782 718 CV*.rsrcn1..sn
793 681 946 724 Quorsus.
958 681 1002 716 ar.
1022 662 1161 715 oxxur.
1174 679 1292 714 canani..
1305 677 1342 712 sn
1351 676 1520 712 ravennae.
1557 644 1630 716 «159

339 844 410 899 haud
437 842 580 897 admodum
611 849 719 913 meptus
748 848 828 912 poeta
844 836 1051 895 'existimandus
1077 847 1120 894 est
1148 855 1199 912 pro
1225 838 1312 892 nostri
1339 836 1431 892 saeculi
1462 835 1583 892 moribus
1606 845 1634 891 et

340 929 415 984 stilo.
454 928 539 981 'lrans
553 926 674 981 llbemnn
690 926 715 978 in
730 925 852 979 Sueriam
869 924 968 979 missus
986 924 1018 978 ad
1033 941 1084 978 nos
1102 932 1159 985 est,
1180 918 1285 995 'absque
1301 922 1406 995 pictura
1422 919 1467 976 illa
1483 919 1632 994 Triumphi,

340 1031 401 1086 quae.
423 1011 610 1084 seiograplrice
633 1010 667 1064 ab
689 1010 766 1064 initio
796 1008 907 1064 locanda
933 1008 1087 1068 dicebatur,
1122 1026 1201 1081 quam
1230 1007 1252 1060 si
1278 1007 1357 1061 luero
1383 1007 1511 1078 adeptus,
1546 1005 1578 1059 ad
1606 1014 1633 1060 te

339 1098 418 1152 dabo.
459 1099 593 1151 tlaetermn
615 1112 668 1150 non
692 1103 717 1148 te
741 1103 793 1148 trnn
816 1093 914 1149 erebro
936 1094 1075 1165 posterius
1092 1094 1126 1148 de
1147 1110 1226 1148 causa
1249 1108 1307 1147 mea
1328 1090 1473 1145 molestare
1492 1089 1688 1149 constanter.

318 1182 450 1255 sqriarrdo
471 1188 613 1253 coeperunt
633 1187 770 1233 nostrates
794 1195 879 1250 prope
902 1177 978 1232 multi
1001 1178 1034 1233 de
1056 1186 1152 1233 nostro
1166 1177 1256 1232 Leone
1278 1177 1438 1249 desperare.
1462 1174 1631 1247 suspicantes

340 1285 400 1321 euru
422 1284 477 1320 non
498 1265 578 1320 talem
600 1282 660 1319 esse
680 1264 786 1337 qudem
806 1279 899 1316 omnes
922 1262 1070 1318 literaturae
1091 1261 1228 1336 politiores
1256 1269 1390 1317 amatores
1414 1260 1548 1332 quondam
1572 1258 1631 1314 lore

339 1351 481 1425 putabant.
517 1350 584 1415 txtnid
597 1350 699 1421 igitnr't
722 1365 776 1403 non
789 1365 836 1402 ero
855 1334 979 1418 ἐμαυτὸν
990 1337 1225 1420 τιμωρούμενοςε
1243 1347 1264 1401 si
1279 1364 1320 1401 me
1336 1345 1462 1400 debriant
1477 1344 1631 1416 optimates,

341 1445 451 1491 servent
469 1435 618 1489 intimatas:
641 1433 773 1488 evidentia
793 1433 847 1487 reri
872 1431 1004 1505 pugnabit
1025 1450 1076 1506 pro
1098 1449 1141 1487 me
1163 1440 1220 1486 tum
1242 1432 1301 1486 rire
1326 1438 1381 1485 tum
1403 1438 1520 1485 mortno.
1555 1428 1691 1492 birnsta,

342 1520 550 1576 llasaemilianns
577 1518 680 1574 electus
705 1517 855 1590 Imperator
882 1533 969 1590 nuper
997 1526 1112 1572 mortem
1137 1516 1213 1571 obiit.
1241 1517 1323 1570 issi
1350 1515 1430 1570 rebus
1456 1512 1482 1568 in
1509 1512 1634 1568 omnibns

309 1607 396 1660 mirrit
418 1604 508 1661 lentus
531 1611 559 1658 et
579 1602 797 1662 cunctabundus,
821 1602 939 1674 eligetur
959 1601 1077 1657 tortasse
1100 1601 1146 1674 qui
1167 1601 1275 1656 lnturns
1299 1602 1335 1655 sit
1356 1600 1444 1654 acrior
1472 1606 1499 1653 et
1526 1596 1634 1668 agilior,

344 1698 407 1763 post
435 1698 551 1743 mortem
574 1688 704 1760 intelligit
725 1688 797 1761 qnod
820 1696 910 1742 rectus
940 1695 996 1747 est,
1020 1703 1073 1741 non
1094 1687 1170 1741 rexit.
1210 1685 1281 1740 Vale.
1314 1684 1385 1739 Prid.
1408 1684 1444 1738 ld.
1466 1682 1635 1737 Februarias.

343 1779 421 1829 Anno
444 1773 467 1827 tt
479 1774 498 1826 n
510 1773 573 1827 xlx.
936 1789 939 1797 ·
965 1771 1079 1827 loannes
1102 1769 1233 1827 lleucblin
1254 1761 1382 1826 lerceri.
1402 1769 1451 1824 nt.
1476 1767 1549 1822 boet.

346 2279 581 2288 ——-—-————

360 2223 568 2259 saoesronarr.
880 2189 1049 2264 CXXIII
1059 2189 1090 2261 *.
1436 2220 1464 2252 n.
1478 2219 1547 2252 maro
1563 2211 1620 2252 tata.

959 2303 980 2334 Ο

845 2380 920 2420 vrso
944 2379 1142 2421 noerrssruo

831 2461 959 2511 lOANNt
978 2462 1153 2511 CAPNIONI

804 2550 964 2605 ntntuavs
988 2549 1187 2606 GERBELth'S

816 2650 841 2690 s.
866 2652 897 2691 m
924 2651 1064 2692 caruero
1089 2651 1171 2691 msr.

431 2772 515 2838 Quem
545 2788 608 2824 rero
639 2785 695 2823 non
723 2770 823 2841 pudeat
851 2770 976 2826 scelerati
1005 2772 1085 2826 buius
1117 2771 1214 2832 seculi,
1248 2772 1284 2826 mi
1319 2771 1476 2826 strictissime
1502 2771 1691 2845 Capnionltd.

347 2875 428 2930 (prtem
452 2857 523 2910 terre
547 2872 600 2910 non
625 2854 716 2926 pigeat
739 2872 828 2908 mores
851 2857 939 2909 aetatis
963 2857 1042 2910 buius
1063 2856 1124 2927 plns
1141 2873 1220 2927 qnam
1236 2854 1346 2916 terreae,
1371 2874 1436 2928 qua.
1460 2873 1520 2910 cnm
1536 2873 1640 2911 semen-

311 2953 402 2998 aotem
426 2942 514 2996 lasere
537 2939 687 2994 volnissent
712 2955 804 2993 omnes
829 2939 906 2994 bonae
929 2940 1015 2994 literae
1038 2940 1120 2994 astris
1142 2940 1223 2995 etiam
1248 2940 1313 3013 ipsis
1341 2940 1468 2995 faeliciter
1496 2939 1639 3012 aspiranti·

348 3028 412 3088 bns,
445 3033 561 3099 repertae
592 3033 655 3079 sunt
683 3023 836 3078 lindissinnn
865 3024 988 3097 llarpyire
1017 3042 1077 3096 (ptiar
1112 3026 1206 3080 llorem
1239 3025 1408 3080 commodum
1443 3024 1639 3093 etriergentinm

348 3115 456 3183 bargum
480 3109 704 3183 pestilentissimo
727 3116 829 3163 attactu
852 3108 966 3164 adurere
990 3117 1053 3163 snut
1075 3109 1255 3164 crirnmolittel
1284 3108 1472 3163 tloncreditum
1496 3115 1555 3161 erat
1578 3124 1694 3179 per-§.r¹

348 3215 426 3268 «pinum
457 3195 532 3250 uberi
562 3195 622 3249 solo
653 3193 856 3248 ninmlissimmn
885 3211 992 3249 semen:
1027 3204 1053 3249 at
1083 3193 1148 3248 illud
1177 3193 1305 3267 paulatim
1334 3194 1504 3266 superiorum
1540 3192 1641 3246 incuria

348 3280 529 3352 agricolarum
553 3279 638 3351 spinis
662 3287 743 3350 aterne
767 3278 889 3334 sentibus
912 3280 1048 3352 peracutis
1071 3279 1310 3352 pungentibusqne
1334 3294 1527 3350 usquequaque
1551 3277 1642 3330 inbor·

314 3366 418 3423 earnit:
454 3365 528 3419 missi
553 3373 615 3418 sunt
638 3363 727 3418 coloni
751 3364 933 3425 eorrdirliores,
959 3384 982 3418 -a
1006 3364 1132 3438 vepribus
1162 3364 1301 3419 liberaturi
1331 3380 1436 3422 semen.
1471 3379 1525 3434 (prio
1548 3368 1643 3433 posset

348 3467 489 3520 emergere
514 3448 677 3503 cnnmlatins
700 3448 907 3522 copiosiusque:
938 3449 1007 3504 bella
1031 3450 1138 3522 «pridem
1162 3458 1188 3505 et
1212 3448 1320 3504 horrida
1350 3446 1419 3501 bella
1447 3456 1555 3502 exorta:
1586 3464 1643 3501 mo·

350 3534 418 3589 testa
442 3551 557 3605 namque
587 3542 761 3606 posterorum
790 3532 951 3588 colonorum
980 3535 1120 3604 diligentia
1149 3534 1235 3606 pigris
1265 3532 1318 3586 illis
1347 3531 1643 3604 negligentissirnisque

349 3618 518 3674 milioribus.
552 3625 638 3689 atquo
666 3616 729 3671 dnm
757 3617 885 3672 desidiam
915 3636 990 3673 snam
1019 3619 1092 3673 relnt
1119 3637 1179 3673 aras
1209 3626 1235 3672 et
1263 3618 1340 3673 literis
1375 3625 1513 3677 tutantur,
1545 3616 1642 3672 cristas

349 3705 472 3774 erigunt,
498 3703 585 3755 bitinia
609 3711 736 3756 ererrnnt
760 3702 1070 3761 armamentaria,nibil
1096 3721 1148 3757 nnn
1173 3703 1331 3774 exqrrirnnt,
1360 3720 1393 3756 ne
1416 3702 1524 3774 patroni
1549 3718 1642 3774 piarum

314 3800 425 3842 alacres
449 3788 580 3841 vecordiae
603 3804 658 3840 sum
682 3787 830 3841 rideantur.
875 3796 969 3843 contra
998 3788 1168 3842 emdatiores
1197 3787 1240 3841 isti
1270 3785 1356 3841 solius
1385 3787 1494 3842 seminis
1520 3802 1643 3841 caussam
1654 3792 1699 3842 tt.

349 3881 462 3944 agentes
485 3872 574 3925 arninm
598 3880 706 3925 rersant
729 3872 851 3944 pervigili
876 3890 927 3944 qna
951 3873 1058 3927 tandem
1082 3872 1122 3926 ria
1147 3872 1172 3926 in
1201 3871 1298 3926 crelnm
1329 3879 1429 3944 queant
1459 3872 1572 3926 educere
1603 3878 1644 3924 tot

351 3959 400 4011 iam
431 3956 529 4011 seculis
570 3956 719 4010 involutum
748 3957 962 4030 depressumque
992 3956 1230 4031 perniciosissimis
1261 3956 1346 4028 spinis
1374 3956 1470 4010 dirime
1505 3954 1645 4028 sapientiae

350 4042 523 4115 purissimum
546 4058 666 4111 gerunen.
713 4040 751 4095 illi
774 4043 949 4114 congregatis
973 4042 1093 4116 undique
1109 4041 1195 4115 copiis
1212 4041 1372 4101 reclamant,
1397 4040 1582 4113 refragantur,
1606 4039 1645 4093 in·

366 4237 510 4288 cxxtne
531 4239 680 4287 lllnstrinnr
694 4241 776 4288 riror.
791 4257 853 4304 epp.
868 4241 1054 4291 adllenelrlin.
1069 4242 1168 4299 (ludio.
1183 4239 1311 4303 bibliogr.
1325 4238 1411 4298 nol.)
1425 4254 1450 4302 p.
1461 4238 1482 4286 C
1494 4235 1529 4286 iib
1543 4237 1627 4286 cite.

350 4410 392 4457 Cf.
408 4409 491 4457 indie.
506 4407 634 4473 bibliogr.
648 4425 675 4457 n.
690 4419 776 4458 svnt.
834 4408 844 4441 ³
863 4410 976 4475 sciogr.]
995 4415 1032 4460 sic
1054 4415 1108 4460 t.2.
1126 4427 1177 4475 pro
1195 4411 1297 4473 sciugr.
1350 4408 1361 4440 ⁶
1379 4406 1474 4473 prope]
1494 4425 1527 4457 an
1545 4407 1646 4472 probe?

349 4494 358 4525 ⁷
379 4484 420 4556 lp.
435 4491 468 4557 a]
489 4495 547 4557 ipse
566 4510 608 4542 me
629 4495 758 4558 punienS,
780 4496 916 4544 crucians.
976 4495 986 4525 ⁹
1006 4494 1122 4561 electus]
1136 4496 1193 4546 ΕΒ.
1204 4497 1228 4544 1.
1248 4496 1290 4544 El.
1299 4498 1324 4543 2.
1378 4490 1475 4559 nuper]
1489 4493 1514 4541 d.
1531 4491 1570 4539 12.
1586 4492 1645 4541 lan.

352 4577 369 4607 ¹¹
391 4575 472 4640 qraaidl
494 4579 538 4641 qni
560 4582 583 4626 2.
618 4580 677 4634 (Η.

418 4661 438 4692 ¹³
458 4662 545 4709 Velim
565 4664 637 4712 tinne
657 4661 818 4726 epistulam,
843 4666 968 4727 quentvis
987 4663 1144 4729 parobolis,
1170 4663 1422 4728 comparationibus
1442 4662 1560 4726 aliisque
1579 4661 1647 4727 ligu-

350 4747 387 4794 ris
407 4752 433 4793 et
454 4746 522 4793 loeis
542 4764 574 4795 ex
594 4748 657 4795 aliis
676 4747 857 4811 scriptoribus
877 4748 979 4798 stallatis
998 4749 1092 4813 pratillo
1112 4749 1276 4811 longiorem,
1297 4766 1322 4813 p.
1336 4747 1395 4797 rito.
1416 4748 1488 4796 inter
1506 4762 1532 4795 n.
1547 4762 1647 4796 cxxrrr.

344 4837 378 4878 «et
392 4846 503 4878 immin.
519 4834 648 4881 oririssam
668 4848 721 4880 nrm
741 4847 811 4884 esse.
865 4831 886 4863 ²⁰
905 4832 997 4898 nstris]
1017 4834 1075 4883 Nee
1095 4835 1197 4882 attinet
1216 4850 1267 4883 nee
1287 4849 1395 4898 possum
1415 4832 1541 4897 equidem
1561 4836 1647 4881 astro-

351 4916 471 4977 logicam
490 4916 562 4964 lrnnc
582 4918 805 4980 superstitionem
825 4917 973 4981 explicare.
1046 4914 1066 4948 ²¹
1087 4916 1183 4982 Hesp]
1205 4918 1240 4969 cf,
1255 4917 1358 4983 Vergil,
1372 4918 1441 4969 Aen.
1456 4918 1506 4966 lll.
1521 4914 1645 4982 ttosqq.

353 4999 406 5031 ‘²⁸³³
425 5017 486 5065 per,
508 5015 588 5064 (piram
610 5002 633 5048 l.
686 5000 708 5032 ²⁷
726 5016 808 5065 narrqt
827 5004 851 5049 1.
904 5000 926 5033 ’ὃ
945 5004 1022 5054 focos
1038 5006 1062 5052 l.
