3917 5950
302 621 374 696 304
473 634 620 687 CXXXVI.
638 650 741 686 asisin
754 648 791 686 an
804 649 896 687 mcor.
910 649 1111 688 nocnsrnarss
1126 651 1167 690 ar.
1182 651 1208 689 o.
1223 646 1334 692 ¹1.ava.
1351 643 1413 690 ratu.

490 769 502 789 .

210 879 212 883 ,
300 814 427 870 comitate
450 811 636 883 maritateque
658 810 797 883 praeditus.
844 811 939 883 quodsi
963 813 986 866 is
1009 811 1074 867 mihi
1097 811 1136 867 tni
1158 813 1350 870 simulachrum
1373 814 1447 870 bona
1470 812 1520 869 fide
1545 813 1581 870 de·

300 899 401 972 pinsit,
425 914 479 951 non
502 895 617 968 accipies
641 895 668 949 in
685 894 779 950 nialam
795 904 900 968 partem
917 913 977 968 qum
994 914 1044 951 nos
1060 896 1164 969 optimo
1180 906 1261 972 atque
1277 896 1467 954 amantissimo
1482 907 1582 972 pectore

300 1000 372 1038 nunc
394 979 605 1036 admonebimus.
650 979 702 1033 lam
730 979 793 1034 olim
818 979 962 1053 Capuionis
985 980 1145 1054 Apologiarn
1176 1000 1275 1057 magno
1303 1001 1364 1039 curn
1393 983 1477 1038 animi
1499 982 1583 1037 dolore

301 1066 466 1138 legeramus,
488 1064 553 1119 licet
575 1064 702 1137 carptim,
732 1081 781 1118 nec
797 1081 857 1119 eum
871 1064 994 1135 clebrem
1010 1065 1236 1122 dissimulavimus
1251 1069 1363 1141 scriptis
1379 1068 1414 1123 ad
1430 1067 1583 1140 Capnionen

300 1150 400 1211 literis.
430 1149 502 1221 quod
530 1156 584 1202 tarn
606 1147 757 1202 manifestis
779 1148 907 1204 conviciis
930 1157 1039 1222 fanique
1063 1149 1227 1223 impotenter
1250 1152 1276 1206 in
1299 1153 1473 1207 adversarios
1498 1138 1602 1206 dimo-⁵

299 1236 442 1294 charetnr‚
466 1231 668 1306 qualescunque
691 1240 797 1287 essent:
822 1250 882 1287 nam
905 1234 923 1288 ii
946 1233 1011 1288 mihi
1036 1241 1092 1289 turn
1113 1251 1168 1290 non
1191 1236 1280 1292 minus
1302 1243 1382 1291 erant
1406 1236 1496 1307 ignoti
1515 1253 1583 1308 qnam

299 1318 420 1393 (lapnion
443 1317 510 1391 ipse.
557 1316 626 1370 idem
648 1315 822 1389 deplorabam
846 1317 915 1391 apud
938 1317 1086 1380 amiculus,
1111 1319 1183 1374 inter
1204 1337 1274 1393 quos
1297 1328 1376 1375 erant
1399 1320 1448 1393 qni
1463 1320 1583 1393 Capnioni

300 1402 443 1459 studentes
465 1402 504 1456 sic
526 1400 633 1475 placare
655 1408 821 1456 conarentur
842 1401 1029 1474 aegritudinem
1053 1403 1133 1457 animi
1156 1405 1222 1464 mei,
1256 1412 1287 1460 ut
1314 1404 1440 1460 dicerent
1470 1404 1584 1459 insidiam

301 1504 408 1543 omnem
432 1487 458 1540 in
482 1504 529 1542 cos
552 1485 756 1545 conferendam,
785 1486 830 1558 qui
853 1502 913 1540 curn
943 1486 1102 1541 debuissent
1130 1505 1190 1543 esse
1216 1489 1355 1544 modestiae
1377 1488 1584 1561 Claristiauaeqne

301 1572 421 1628 leuitatis
444 1569 608 1643 exemplum,
633 1577 686 1625 tani
702 1568 843 1624 virulentis
862 1577 971 1643 tamque
987 1570 1125 1626 atrocibus
1141 1572 1365 1628 insectationibus
1382 1574 1493 1646 priores
1508 1572 1608 1627 laces-tv

300 1658 416 1717 sissent;
439 1654 541 1728 alioqui
556 1654 701 1726 Capnionis
725 1653 834 1725 ingenio
858 1654 925 1708 nihil
948 1672 1008 1710 esse
1030 1655 1160 1728 placidius
1184 1675 1213 1711 ae
1236 1657 1337 1712 mitius.
1371 1657 1512 1712 llubitanti
1533 1674 1583 1712 ere·

300 1742 364 1796 dere
381 1758 441 1795 nior
459 1739 632 1811 ingesserunt
648 1737 748 1811 scripta
764 1738 946 1811 Peperieorni.
963 1740 1064 1813 scripta
1081 1739 1173 1802 Grani,
1190 1741 1290 1815 scripta
1302 1741 1334 1796 ll.
1347 1741 1377 1796 Ν.
1391 1740 1507 1797 Arnnldi
1523 1741 1583 1797 'fon-

300 1827 359 1898 gari
382 1824 487 1897 aliaque
511 1841 571 1897 qum
595 1839 665 1877 nunc
687 1839 741 1876 non
766 1840 875 1877 necessse
897 1831 940 1877 cst
962 1841 1182 1880 commemorare.
1228 1825 1263 1881 De
1284 1826 1408 1885 moribus
1433 1826 1487 1881 tuis
1510 1827 1583 1880 raria-

301 1910 365 1964 bant
388 1909 544 1964 sententiae:
573 1915 650 1961 erant
673 1907 719 1979 qni
742 1907 922 1979 piretlicarent
950 1909 1038 1981 ipsum
1062 1918 1088 1964 te
1111 1909 1231 1964 moribus
1254 1928 1315 1966 esse
1343 1911 1411 1966 satis
1434 1910 1582 1969 commodis,

300 1995 347 2049 sed
371 1993 539 2066 quorundam
562 1990 735 2045 instinctibus
758 1991 932 2054 inllammari;
955 2010 1051 2047 rursus
1073 1993 1144 2049 bona
1167 2012 1230 2068 pars
1246 1995 1419 2050 asseverabat
1435 1994 1484 2049 tibi
1502 1993 1606 2049 nullon

300 2097 361 2134 esse
383 2078 470 2149 inagis
494 2077 521 2131 in
542 2075 657 2131 cornilio
681 2092 760 2147 quam
791 2075 965 2132 ambitionem
993 2085 1020 2131 et
1048 2079 1200 2141 avaritiam,
1229 2079 1307 2151 qnod
1337 2088 1364 2133 et
1393 2078 1504 2153 plurimi
1533 2078 1580 2134 heri

300 2163 383 2218 velles
406 2162 441 2217 ob
463 2161 525 2235 plus
548 2178 628 2234 qnam
652 2160 817 2233 tyrannicam
841 2160 941 2232 ingenii
965 2162 1148 2224 ferocitatem.
1171 2172 1199 2219 et
1220 2163 1255 2219 oh
1270 2162 1462 2237 inexplebilem
1479 2162 1581 2218 habendi

302 2248 397 2303 fantem
420 2247 569 2302 ludaeorum
593 2243 765 2313 facultatibus
788 2245 914 2299 inhiares.
958 2245 1022 2300 lllihi
1044 2264 1109 2302 sane
1131 2262 1239 2321 semper
1261 2247 1304 2302 liic
1326 2265 1386 2303 uros
1416 2248 1483 2309 fuit,
1513 2256 1539 2301 ut
1559 2248 1580 2301 in

301 2332 440 2387 meliorem
462 2338 566 2404 partem
588 2328 748 2384 credulitate
770 2347 883 2401 vergere
905 2329 1013 2385 mallem
1035 2348 1115 2405 qnam
1143 2332 1170 2386 in
1192 2332 1371 2391 deteriorem.
1402 2351 1433 2388 ac
1456 2340 1511 2387 tum
1532 2331 1581 2404 qui·

300 2417 361 2472 dein
383 2433 438 2471 non
461 2415 538 2488 potui
562 2413 688 2469 refellere
712 2413 813 2474 omnia.
838 2413 901 2468 lenii
926 2421 1016 2469 tamen
1037 2433 1089 2488 pro
1111 2416 1214 2471 viribus
1236 2433 1392 2472 sermonum
1408 2417 1606 2472 atrociterque

300 2500 447 2573 Aliquanto
469 2505 533 2572 post
556 2499 657 2559 evenit,
679 2506 711 2552 nt
734 2506 761 2552 et
784 2499 848 2553 Acta
871 2498 991 2570 legerem
1014 2501 1099 2555 totins
1121 2518 1208 2556 causae
1232 2510 1258 2556 et
1282 2509 1345 2555 tuns
1368 2499 1479 2556 libellus
1507 2501 1580 2555 exiret

301 2586 328 2639 in
350 2601 445 2639 manns
468 2583 619 2643 hominnm,
654 2599 708 2655 qno
736 2581 847 2655 benigni
876 2582 1014 2656 dialogum
1041 2584 1157 2647 refellis,
1192 2602 1271 2657 quem
1299 2585 1388 2659 ipsum
1419 2593 1510 2640 tamen
1536 2600 1579 2639 non

300 2669 351 2724 nisi
374 2668 489 2741 carptim
512 2666 574 2739 legi.
620 2666 664 2721 Vis
687 2666 772 2721 dicam
796 2668 932 2738 quomodo
955 2685 997 2722 me
1020 2669 1158 2724 afl'ecerit‘l
1187 2669 1301 2742 eloquar
1331 2669 1444 2732 invitus,
1474 2669 1521 2724 sed
1545 2686 1580 2721 re·

300 2754 421 2808 rissime:
444 2751 540 2808 melius
564 2768 700 2806 senseram
716 2751 749 2805 de
765 2750 794 2805 ll.
810 2751 838 2805 P.
856 2751 885 2805 T.
901 2751 978 2825 prius
994 2770 1073 2826 quam
1091 2762 1116 2809 te
1141 2752 1188 2808 tibi
1212 2754 1430 2827 patrocinantem
1455 2753 1578 2826 legissem.

209 2881 211 2884 .
300 2838 409 2913 quotics
436 2836 503 2892 illud
533 2853 635 2891 mecum
663 2836 734 2891 inter
761 2835 905 2908 legendum
929 2837 1104 2893 mussitabam
1133 2838 1246 2893 ‘Vtinam
1274 2838 1317 2894 hie
1345 2856 1375 2894 se
1404 2839 1473 2894 meis
1502 2836 1604 2893 oeulistt

299 2922 453 2980 cernerett'
475 2922 534 2978 Non
557 2921 689 2977 excutiam
711 2928 809 2977 caetera
832 2938 892 2994 qnae
914 2930 1003 2977 meum
1024 2923 1141 2978 animuin
1165 2922 1220 2980 illic
1242 2922 1421 2985 offenderint,
1448 2940 1535 2997 neque
1554 2921 1581 2975 de

301 3018 358 3065 tota
380 3025 460 3063 cansa
484 3024 627 3080 quiequam
649 3007 770 3078 attingo,
805 3007 986 3078 nequeenim
1009 3015 1067 3062 mea
1090 3009 1189 3064 refert:
1223 3017 1298 3064 certe
1325 3007 1452 3081 plurimis
1476 3009 1502 3062 in
1526 3006 1581 3061 locis

299 3094 380 3148 animi
397 3092 535 3148 lenitatem
552 3092 820 3163 moderationemque
835 3090 1033 3153 desiderabam,
1050 3093 1158 3165 dignam
1173 3093 1280 3148 homine
1296 3092 1466 3153 Christiano.
1482 3092 1579 3165 dignam

301 3177 445 3250 theologo,
468 3178 576 3249 dignam
598 3176 784 3249 praedicatore.
822 3175 930 3247 quoties
945 3174 1063 3238 irnlolni‚
1086 3177 1195 3249 quoties
1211 3176 1306 3234 erubui
1324 3184 1371 3232 tuo
1389 3178 1500 3233 nominc
1516 3176 1581 3249 prins

300 3281 379 3335 quarn
402 3262 590 3335 praefationem
613 3259 685 3315 illam
708 3259 891 3333 perlegerem!
915 3260 979 3332 qnid
1002 3261 1045 3316 hic
1060 3278 1164 3317 inecum
1178 3262 1336 3334 cogitarim,
1361 3262 1427 3334 quid
1442 3261 1605 3317 aestuarimat

299 3347 363 3419 quid
386 3347 570 3401 stomachatus
593 3346 657 3407 sini,
693 3343 851 3417 placabilius
881 3345 980 3418 opinor
1002 3346 1029 3400 in
1052 3346 1140 3401 sinum
1164 3353 1250 3402 tuum·
1269 3346 1422 3408 effundere,
1457 3347 1480 3400 si
1507 3343 1582 3400 collo·

300 3431 399 3503 quendi
422 3431 500 3504 eopia
523 3431 642 3486 daretur.
687 3431 757 3484 Ante
779 3430 836 3505 dies
860 3446 922 3483 vero
946 3446 1002 3483 non
1024 3431 1061 3486 ita
1076 3430 1178 3486 multos
1193 3448 1257 3487 casu
1273 3440 1369 3486 nactus
1385 3448 1445 3485 snm
1463 3431 1490 3484 in
1505 3429 1581 3484 aliena
1609 3421 1613 3432 '

300 3514 463 3570 bibliotheca
485 3516 616 3570 iacentem
638 3514 760 3569 libellum
783 3514 916 3587 quendam
939 3514 1081 3570 habentem
1104 3515 1235 3589 epistolas
1257 3514 1362 3589 aliquot
1385 3533 1483 3588 magna
1511 3513 1582 3568 liber·

300 3607 354 3653 tate
371 3599 571 3654 stomachantes
587 3600 614 3653 in
627 3598 693 3653 R.l'.
708 3599 751 3653 T.:
768 3599 853 3672 prima
869 3599 896 3653 ni
913 3596 995 3654 fallor
1009 3609 1068 3655 erat
1078 3598 1231 3673 Capnionis,
1248 3598 1334 3655 altera
1349 3598 1493 3655 clarissimi
1509 3598 1581 3653 eonii-

300 3684 334 3738 tis
350 3702 365 3738 a
380 3683 452 3738 liora
467 3684 569 3755 aquila.
595 3684 675 3739 tertia
691 3684 817 3739 llerrnani
832 3682 953 3745 Buschii.
971 3693 1067 3757 quarta
1083 3685 1212 3741 llutteui:
1235 3686 1331 3740 harum
1348 3685 1469 3740 oninium
1484 3692 1604 3738 amaro-tt

312 3798 498 3807 ———

366 3847 483 3915 ’Apold
514 3849 649 3898 Defensio
668 3850 780 3898 loannis
802 3848 1148 3913 Renchlinlrnoncensrs
1173 3866 1216 3899 aa.
1242 3864 1379 3899 oocronrs
1396 3846 1401 3912 Ι
1417 3864 1527 3899 conans
1543 3864 1581 3896 ea·

299 3949 497 3985 airunrnronus
517 3948 584 3984 snos
609 3930 808 3996 conolnrnnsns
825 3931 829 3997 Ι
844 3941 893 3983 etc.
930 3935 962 3982 In
981 3937 1048 3997 fine:
1071 3935 1206 4001 Tubingae
1230 3934 1302 3999 spnd
1324 3934 1458 3983 Thomam
1478 3929 1582 3982 hnshel·

298 4036 370 4070 mum
385 4020 389 4085 Ι
405 4016 566 4070 Badenlem.
585 4020 672 4082 Auno.
684 4033 746 4067 aun.
756 4034 809 4066 1111
826 4018 830 4076 Ι
845 4018 880 4065 ⁴⁰.
895 4019 991 4068 Itermn
1003 4020 1167 4084 impendel.
1190 4020 1276 4068 Anno.
1291 4034 1318 4067 ia.
1328 4034 1440 4067 nxrnr.
1458 4018 1462 4081 Ι
1478 4019 1514 4066 4⁰.
1528 4017 1582 4065 [ten

298 4103 602 4171 annullaretis.
656 4100 678 4133 ¹²
695 4103 853 4152 M.N.omtn.
868 4106 957 4170 2.sqq.
1010 4102 1030 4134 ²¹
1049 4101 1131 4168 Acte]
1152 4104 1187 4153 ef.
1202 4109 1362 4169 snper.not.
1420 4100 1443 4132 ²²
1461 4095 1582 4165 benigni]

299 4192 399 4241 boden
416 4195 441 4239 tn
456 4192 591 4240 Germania
605 4190 712 4251 primum
732 4189 818 4237 ‘Anno
830 4189 995 4238 Natiuitatis
1007 4188 1061 4237 Dei
1074 4204 1215 4238 ia.n.xvrr.
1234 4186 1325 4237 nienfe
1342 4186 1346 4250 Ι
1361 4186 1536 4253 Septembri.¹
1552 4190 1584 4232 stc

297 4279 435 4341 inscripta:
448 4288 586 4324 nurensro
599 4270 809 4340 rnmlftatiffrmi
822 4274 874 4322 riri
889 4275 1000 4322 loannis
1010 4272 1146 4322 Rerichlin
1162 4271 1166 4336 Ι
1181 4272 1384 4333 LL.Doctoria,
1398 4286 1416 4319 a
1429 4268 1583 4320 Reuerendo

297 4359 384 4426 paltre
403 4361 524 4426 Georgio
536 4359 662 4424 Benigno
675 4355 839 4420 Nazare-lno
859 4359 991 4423 archiepo
1003 4359 1096 4407 Roniae
1114 4374 1164 4421 per
1182 4358 1288 4406 medum
1305 4354 1309 4419 Ι
1324 4356 1432 4419 (dialogi
1445 4356 1529 4416 edita,
1548 4358 1583 4401 at·

297 4461 349 4510 qne
363 4462 397 4495 es
409 4446 539 4510 opinione
558 4445 652 4494 decem
666 4450 694 4493 et
706 4449 769 4492 octo
782 4440 970 4509 graniflirnorq
986 4438 1089 4506 vi-tros
1102 4442 1137 4491 ad
1151 4440 1361 4490 examinandum
1374 4439 1495 4489 Oculare
1512 4438 1516 4495 Ι
1532 4437 1582 4502 fpe·

298 4531 388 4579 cnlnrn
402 4547 418 4579 a
431 4529 563 4581 Sanctits.
576 4529 610 4579 D.
625 4526 716 4579 noftro
725 4529 828 4577 Leone.
836 4528 867 4576 Ρ.
875 4529 911 4577 Μ.
924 4529 1057 4592 deputato
1073 4525 1077 4589 Ι
1094 4525 1195 4591 teripta
1208 4524 1511 4592 Dinoqllaxinriliano
1524 4518 1581 4585 lto}

297 4615 365 4677 lnip.
379 4608 500 4677 augusti>
518 4612 643 4678 dicata!
677 4617 711 4662 24
724 4614 797 4673 sotiis
815 4618 839 4662 tn
864 4614 900 4661 fl.
942 4615 1000 4662 Cum
1018 4616 1076 4663 attis
1090 4628 1142 4677 pro
1160 4611 1295 4674 Reuehttno
1312 4612 1431 4673 scriptis,
1450 4608 1584 4658 Hermoni·

296 4702 393 4746 contritis
410 4700 441 4746 de
455 4699 575 4747 Neuennr
592 4706 616 4748 ct
636 4700 746 4748 ,narcisi
758 4702 881 4763 tironinpi
892 4698 1051 4756 Breuunsts,
1070 4699 1187 4763 sequenti
1203 4711 1268 4744 anno
1286 4697 1376 4743 iteruin
1393 4695 1492 4757 prodiit
1511 4688 1540 4741 in'
1550 4690 1581 4737 Ρ.

295 4788 353 4843 post
372 4786 477 4830 atteram
494 4784 627 4832 editionem
646 4785 747 4833 I’trekh.
767 4785 921 4838 Piscatores,
941 4800 1013 4848 quern
1031 4785 1067 4831 ud
1083 4794 1254 4843 aninumr.
1273 4781 1444 4828 indicarimus.
1481 4777 1581 4841 llepettit

297 4867 593 4916 eumaudllcrdttc.
645 4864 979 4933 Ι’θῑῧῑιιικτΙῑολεᾳφ
1015 4863 1446 4931 ”prseddlloniinicanolsqq.
1482 4858 1578 4911 ³⁰mfti·

297 4950 394 4998 marim
409 4952 433 4998 1.
480 4949 503 4981 ³³
521 4950 653 5017 libellum]
668 4951 807 5017 ldpiftolas
820 4954 902 5002 trium
914 4950 1062 5001 illnftrinrn
1074 4952 1207 5000 virorum:
1227 4949 1311 4998 India.
1325 4948 1384 4999 etot
1399 4966 1423 4997 n.
1438 4942 1578 4996 nutat.
