3917 5950
450 651 574 704 mvl.
593 660 614 701 1.
632 664 770 712 neronom
782 664 819 701 an
832 664 1046 700 ueneremur!
1058 664 1124 698 ens.
1138 662 1241 697 manin
1254 660 1389 698 ricrrcu.

421 820 530 884 Forma
550 819 605 883 tihi
626 819 748 891 colitur,
769 818 823 880 tihi
844 825 944 880 nostra
967 817 1085 898 placere
1105 817 1235 886 lahorat;

462 954 467 963 ·
493 923 578 985 Nunc
598 922 684 1010 latet;
706 927 829 1001 accepto
850 928 880 982 te
901 921 979 983 reelit
1000 919 1048 980 ille
1069 921 1156 979 nitor.

421 1025 497 1087 Ante
517 1007 603 1104 pater
624 1041 767 1102 superum
789 1024 896 1103 Stygiis
918 1041 965 1083 me
987 1022 1150 1083 admoverit
1165 1020 1283 1082 umbris

368 1148 393 1190 ro
492 1125 627 1189 l'ulinine
646 1125 787 1187 turritum
809 1126 1014 1204 concutiatque
1036 1131 1132 1203 eaput,

422 1227 517 1300 Quam
538 1229 594 1289 nisi
616 1235 645 1289 te
666 1228 822 1307 quisquam
843 1227 938 1287 videat
960 1226 1091 1305 gaudere
1112 1234 1242 1304 recepto,

493 1329 632 1410 Squallor
652 1331 683 1391 in
704 1329 846 1390 adrentus
867 1327 916 1389 hic
937 1335 1037 1389 manet
1057 1346 1152 1407 usque
1173 1335 1249 1390 tuos.

422 1430 497 1511 Spes
517 1431 601 1493 sedet
621 1432 698 1493 hano
718 1436 824 1510 perte
846 1430 1011 1491 cunctando
1033 1431 1146 1491 restitui
1168 1449 1240 1499 rem,

321 1585 323 1590 .
366 1556 393 1598 ro
493 1532 565 1604 Qua
586 1550 666 1594 nunc
686 1534 804 1593 fortuna
827 1533 1012 1592 concutiente
1034 1531 1127 1592 labat:

423 1632 510 1697 Solor
531 1641 561 1697 et
582 1636 645 1714 ipsa
666 1652 748 1696 meas
769 1634 886 1694 deserta
907 1640 1059 1712 utcunque
1080 1634 1190 1703 ruinas,

494 1736 644 1798 Excusare
663 1743 731 1798 tuas
751 1736 902 1815 ingeniosa
924 1752 1038 1803 moras:

423 1839 461 1900 Et
481 1840 596 1919 quoties
617 1839 742 1916 sumptis
764 1839 918 1927 qnisquam
940 1855 989 1898 me
1010 1837 1159 1899 invaderet
1180 1837 1279 1905 armis,

368 1960 394 2001 τι
492 1939 564 2001 ‘Suh
586 1939 715 2001 domino’
737 1939 797 2000 dixi
819 1940 942 2000 ‘vindice
964 1957 1052 2001 causa
1073 1957 1139 2000 mea
1161 1938 1229 2007 est';

424 2040 485 2104 Nec
506 2041 586 2120 quod
606 2042 681 2101 victa
704 2059 842 2121 premor,
864 2038 942 2101 ultro
964 2043 1070 2101 vietam
1093 2059 1158 2102 esse
1179 2041 1304 2120 putabis,

496 2141 591 2204 Omne
613 2140 768 2203 reluctanti
790 2143 869 2222 quod
892 2144 955 2203 lero
977 2144 1056 2203 uenit
1077 2161 1167 2212 onus;

425 2243 524 2305 Donec
546 2243 633 2315 ahes,
656 2244 752 2305 ‹lonec
773 2245 854 2305 sinor
875 2244 1041 2314 indefensa,
1062 2242 1175 2305 tenebit

369 2364 395 2406 rs
497 2345 619 2408 lneitam
641 2347 774 2426 quisquis
795 2345 925 2424 possidet
945 2345 1075 2415 ltaliam;

426 2446 502 2517 Nec,
525 2448 594 2526 quid
617 2455 685 2527 agot
705 2447 814 2509 blanelo
836 2449 886 2527 qui
908 2465 956 2508 me
977 2447 1030 2509 tihi
1052 2447 1179 2508 detrahit
1200 2466 1262 2517 ore,

497 2547 636 2609 Pollicitis
655 2558 756 2627 partes
777 2548 866 2610 allicit
886 2551 976 2628 inque
998 2567 1082 2611 suas:

426 2648 482 2721 Oui
503 2651 574 2711 mihi
597 2651 709 2730 grande
730 2652 835 2721 decus,
858 2651 929 2712 mihi
952 2653 1003 2731 qui
1024 2651 1159 2730 promisit
1180 2652 1332 2721 honorem,
1361 2647 1365 2684 ἕ

372 2773 399 2816 sa
496 2751 579 2814 linus
600 2752 712 2824 honos,
734 2759 894 2823 unum‘est
915 2754 1037 2815 Caesaris
1060 2770 1124 2814 esse
1146 2753 1245 2816 decus,

426 2850 472 2914 lle
493 2872 543 2914 res
563 2852 700 2932 pollicitis
721 2854 900 2935 Venetorum
921 2854 1089 2934 ingentibus
1110 2863 1206 2934 urget,

496 2954 631 3018 'lentavit
651 2948 782 3019 nostram
805 2948 897 3018 Gallia
920 2956 1027 3018 blanda
1049 2957 1146 3027 lldem,

425 3056 458 3119 ln
481 3057 639 3138 medioque
659 3060 717 3120 mei
739 3058 859 3138 quidam
881 3059 1068 3130 exhortatur,
1094 3067 1127 3121 ut
1149 3060 1252 3129 ausim,
1364 3139 1367 3145 Ι

371 3179 398 3221 ae
496 3158 590 3230 Quam
612 3161 684 3222 dare
704 3167 738 3223 tu
759 3161 868 3240 possiS,
891 3161 1030 3223 uberiora
1052 3164 1152 3241 sequi:

425 3261 523 3322 hrorti
544 3264 685 3343 tenuique
705 3281 826 3325 manum
848 3270 1025 3343 pactumque
1047 3265 1141 3342 resurgi

497 3363 639 3445 Donaque
661 3367 837 3444 contempsi,
860 3384 919 3425 non
942 3367 1092 3445 habuique
1113 3366 1210 3427 tidem.

425 3463 460 3526 ln
480 3473 511 3528 te
532 3465 613 3528 solus
634 3485 732 3538 amor,
755 3468 785 3527 in
805 3473 836 3527 te
858 3486 923 3528 mea
945 3468 1007 3529 sola
1029 3468 1175 3529 voluntas:

370 3587 397 3629 so
495 3568 552 3629 hut
573 3587 723 3648 nunquam
745 3576 796 3629 aut
817 3587 871 3647 per
891 3576 922 3630 te
944 3569 1037 3631 libera
1058 3578 1139 3632 terra
1160 3587 1226 3630 mea
1248 3576 1300 3630 est.

338 3705 340 3710 ·
426 3668 472 3731 Tu
492 3670 643 3741 dominus,
665 3678 717 3732 tna
737 3671 816 3732 iussa
837 3690 960 3750 sequar,
982 3679 1012 3733 te
1034 3673 1167 3750 principe
1188 3671 1298 3740 tollam,
1408 3718 1413 3727 .

496 3770 535 3832 Ut
556 3772 720 3850 quondam,
744 3772 861 3832 domitis
883 3773 1020 3850 gentibus
1042 3793 1111 3835 acre
1133 3782 1229 3853 capnt.
1254 3833 1258 3840 .

426 3870 483 3933 Per
505 3878 535 3933 te
555 3874 671 3951 priscus
692 3873 804 3944 honor,
826 3876 923 3952 prisea
946 3883 1119 3936 ornamento
1141 3877 1287 3944 redibunt,

371 3991 397 4033 n
495 3973 552 4036 hut
573 3992 629 4054 ego
650 3982 793 4053 perpetua
814 3975 957 4055 squallida
979 3978 1068 4039 sorde
1090 3979 1177 4039 ferar.

424 4074 462 4135 lt
482 4080 532 4136 tua
554 4074 632 4136 lenta
653 4093 737 4137 mora
759 4085 805 4138 est
826 4097 983 4158 cessasque
1004 4080 1034 4140 in
1055 4087 1121 4140 rota
1144 4088 1262 4140 tuorum

497 4175 643 4255 Qui-spe,
665 4179 716 4258 qni
738 4178 828 4240 dnbio
850 4199 1034 4244 consenuere
1055 4189 1152 4243 metu:

426 4277 541 4340 luterea
563 4277 651 4340 nullis
673 4297 728 4359 ego
750 4298 809 4341 non
832 4281 958 4345 obnoxia
981 4285 1055 4353 latis,

372 4399 397 4441 is
496 4379 622 4442 Cuilibet
641 4382 761 4443 audenti
782 4383 881 4460 praeela
903 4385 1004 4447 rehcta
1026 4392 1121 4463 petor.

424 4481 471 4543 Ab
492 4482 564 4542 sinis
584 4480 696 4544 ltaliam
719 4482 799 4544 nullo
821 4492 919 4547 tutore
940 4487 1076 4564 relinqui,

435 4573 444 4580 ⁸
498 4582 668 4664 Regnorum
691 4592 779 4664 caput
800 4587 857 4648 hoc
877 4589 1052 4667 imperiique
1074 4581 1214 4647 domum?

342 4903 367 4940 ¹¹
382 4901 493 4972 squulor
503 4909 530 4958 2.
575 4904 597 4940 ²¹
615 4907 752 4974 utrimque
763 4913 837 4961 3...ό.
881 4910 904 4941 ⁸⁹
922 4929 955 4960 an
972 4909 1122 4974 voluptas?
1162 4903 1186 4938 ⁴¹
1203 4896 1346 4969 gentibus]
1365 4894 1478 4959 regibus
1496 4896 1571 4943 3...5.

273 4987 299 5040 9
315 4987 444 5058 tqnalffl
454 4993 482 5044 2.
543 4989 568 5026 θ’
582 4991 640 5044 lut
652 4995 710 5045 M.
761 5000 869 5048 tuorum
881 4999 907 5047 2.
982 4992 1035 5027 ⁴⁹³⁰
1052 4995 1111 5045 Hel
1123 4995 1188 5045 duo!
1199 4999 1290 5040 cerm
1301 4984 1439 5033 ΜΒΝ(
1449 4980 1503 5027 ⁴·5·
