3917 5950
415 627 485 698 152
533 643 631 693 Lxlv.
651 656 855 692 rxncxurnux
868 656 955 691 rear.
968 657 1006 692 sn
1019 658 1134 693 sucrum
1148 657 1334 693 necarem.
1347 659 1374 693 n.
1387 651 1421 693 tt.
1435 657 1502 694 avo.
1517 651 1577 693 1³17.

412 819 476 874 boni
499 832 607 890 semper
628 815 761 889 pestilens
783 815 884 887 linguae
905 815 1002 871 vicium
1024 817 1155 873 acerrime
1176 825 1247 873 sunt
1261 818 1402 879 detestati,
1426 819 1500 891 quod
1522 827 1550 874 et
1567 819 1706 893 impuden-

413 902 519 960 tissimo
540 901 639 974 cuique
661 901 774 955 maxime
795 901 956 972 contingere
979 900 1059 956 solet.
1103 902 1168 978 Quae
1191 903 1213 957 si
1236 902 1516 976 lleuchlinomastiges
1532 903 1571 958 illi
1587 906 1706 959 exactius

414 986 636 1061 perpendissent.
667 1002 805 1058 nimquam
832 986 1030 1041 sanctissimam
1050 986 1151 1041 Christi
1181 987 1259 1042 iidem
1287 987 1481 1042 sordidissimis
1503 988 1655 1044 maledictis
1677 1007 1707 1043 ac

414 1071 499 1127 illotis
521 1069 693 1125 sermonibus
715 1069 874 1125 stabilienda
903 1087 964 1125 esse
991 1071 1175 1132 censuissent,
1204 1087 1341 1144 nunquam
1371 1073 1439 1126 tanti
1469 1073 1706 1128 debonestamenti

414 1155 514 1212 idolum
537 1154 703 1214 erexissent,
735 1170 784 1228 per
805 1155 882 1210 cuius
905 1173 936 1209 os
958 1155 1094 1228 impurum
1116 1156 1189 1228 quod
1212 1156 1263 1229 ipsi
1285 1155 1372 1230 palam
1395 1173 1450 1213 non
1473 1158 1619 1216 auderent,
1651 1164 1728 1211 tems

413 1240 544 1296 effrenate
566 1239 791 1294 deblactcrarent.
815 1256 885 1294 utine
908 1255 972 1294 vcro
995 1239 1132 1313 personali
1147 1258 1178 1296 ac
1192 1240 1276 1313 digno
1291 1239 1421 1314 operculo
1437 1242 1503 1296 tecti
1519 1243 1609 1297 omnia
1624 1241 1707 1296 etiarn

415 1326 441 1380 in
464 1340 559 1379 omnes
580 1322 632 1378 sibi
655 1322 737 1379 licere
758 1323 940 1379 arbitrantur:
963 1341 1025 1379 uam
1047 1332 1077 1379 ut
1099 1324 1218 1398 reliquas
1239 1342 1334 1380 eorum
1350 1325 1443 1381 sileam
1460 1327 1592 1399 ineptias.
1616 1342 1707 1382 nonne

414 1410 466 1465 boc
488 1406 595 1481 piaculo
617 1407 658 1461 rel
681 1407 738 1462 risu
760 1408 852 1481 potius
874 1408 1000 1480 dignum,
1024 1409 1096 1481 quod
1119 1417 1161 1465 tot
1183 1417 1330 1482 tantosque
1352 1411 1425 1465 viros
1447 1418 1501 1466 tam
1521 1410 1655 1466 effrenate
1670 1410 1708 1465 la·

412 1510 534 1555 cessere,
563 1501 617 1547 tarn
637 1491 803 1565 petulanter
830 1492 961 1564 sugillare
983 1511 1038 1548 uon
1060 1502 1202 1556 verentur,
1229 1495 1380 1550 Conradum
1403 1495 1566 1567 Peutinger,
1592 1496 1634 1550 lo.
1658 1495 1708 1549 Cu·

414 1578 579 1652 spinianum,
603 1577 649 1649 qui
672 1576 751 1632 ambo
773 1586 875 1650 preter
898 1577 965 1633 iuris
988 1577 1105 1633 lauream
1128 1596 1159 1635 ea
1182 1579 1288 1651 fulgent
1309 1579 1457 1652 dignitate,
1480 1580 1578 1635 utdivi
1595 1589 1743 1654 quoquere

413 1663 526 1719 Cassiis
553 1662 634 1717 etiarn
661 1661 855 1717 secretioribus
882 1661 1061 1718 adhibeantur
1081 1658 1216 1725 consiliis,
1246 1663 1407 1719 loacbimum
1430 1663 1591 1725 l'adianum,
1620 1663 1708 1718 Simo

414 1765 476 1804 uem
498 1746 620 1805 laziuui,
650 1762 720 1818 quos
748 1763 842 1801 omnes
869 1747 982 1803 honoris
1010 1749 1098 1820 gratia
1120 1747 1246 1822 appello?
1276 1747 1429 1814 Quinimmo
1451 1748 1554 1803 cavillis
1577 1749 1707 1804 inscctari

414 1840 458 1887 sat
479 1848 533 1886 uon
556 1838 627 1891 erat,
651 1831 709 1900 uisi·
726 1831 919 1886 ex·lrominum
940 1833 1043 1888 eiectos
1066 1849 1178 1888 numero
1200 1833 1281 1888 etiam
1304 1832 1392 1888 brutis
1414 1833 1605 1905 impurissimis
1620 1833 1706 1905 requi·

415 1922 572 1990 parassent:
600 1916 716 1976 mutuis,
747 1916 887 1988 inquiunt,
917 1932 947 1971 se
969 1915 1094 1973 laudibus
1116 1914 1251 1972 extollunt
1272 1934 1303 1973 ac
1325 1934 1470 1991 porconrm
1492 1933 1570 1975 more
1593 1916 1707 1973 tricent:

415 2001 502 2074 prob,
530 2016 611 2072 quam
636 1999 717 2072 digna
741 2001 857 2054 recutite
879 2001 982 2055 homini
1004 2019 1036 2056 ex
1058 2002 1123 2056 hara
1144 2001 1324 2075 comparatio,
1352 2002 1397 2056 cui
1419 2008 1521 2061 tamen,
1549 2018 1611 2058 curn
1635 2002 1745 2057 bandis

415 2084 531 2159 amplius
554 2084 687 2139 iudaizare
708 2085 829 2145 dicatur,
861 2072 955 2146 suilla,
984 2103 1017 2140 ex
1043 2102 1095 2157 qua
1118 2086 1189 2159 apud
1210 2093 1316 2141 soteres
1338 2086 1535 2159 quinquaginta
1558 2086 1646 2142 terme
1669 2103 1711 2140 sa·

328 2183 335 2195 ·
416 2186 498 2243 pores
526 2169 583 2224 lieri
613 2168 753 2230 solebant,
783 2168 866 2223 veluti
890 2187 997 2243 pennae,
1027 2178 1187 2243 petasones,
1219 2170 1352 2232 lucanica,
1380 2169 1529 2232 tomacula,
1560 2170 1652 2225 insilia
1682 2180 1710 2225 et

416 2253 521 2327 reliqua
551 2253 575 2308 id
598 2269 685 2324 genus
714 2253 866 2315 sarcimine,
898 2271 952 2309 non
982 2262 1035 2310 tam
1063 2254 1230 2317 abominale,
1258 2255 1305 2311 sed
1333 2256 1361 2310 in
1388 2254 1492 2310 deliciis
1520 2255 1622 2310 merito
1649 2272 1711 2309 esse

383 2383 390 2396 .
416 2338 511 2394 debet:
539 2354 600 2392 nam
623 2338 712 2392 omnia
735 2338 833 2393 munda
855 2338 976 2394 mundis:
1006 2357 1091 2412 porro
1113 2339 1261 2395 Germaniae
1283 2348 1386 2411 nostre
1413 2357 1490 2412 spem
1518 2339 1711 2397 certissimam.

416 2422 567 2478 l'dalricum
590 2421 752 2482 Huttenum,
780 2431 807 2477 et
836 2423 986 2478 nobilitatis
1014 2431 1156 2479 stemmate
1182 2422 1284 2479 clarum
1312 2430 1340 2478 et
1369 2424 1531 2495 ingeniose
1554 2423 1747 2482 erixutumeao

418 2512 607 2580 prestantem,
630 2523 684 2561 non
707 2505 795 2562 solum
818 2508 922 2579 pseudo
936 2509 1113 2563 christianum
1135 2508 1286 2582 appellare,
1310 2508 1472 2568 sedetiam,
1496 2509 1519 2561 si
1541 2508 1595 2563 diis
1610 2507 1711 2581 placet.

418 2591 465 2646 tali
488 2591 546 2645 viro
568 2590 655 2663 palam
679 2591 813 2651 minitari,
841 2608 872 2648 ac
900 2609 1008 2648 omnem
1035 2593 1220 2649 defensionem
1242 2593 1352 2666 penitus
1374 2592 1540 2647 adimendam
1564 2610 1627 2647 esse
1649 2609 1712 2648 cen·

418 2683 492 2729 sent:
523 2692 616 2735 nemo,
647 2675 786 2747 inquiunt,
816 2675 957 2755 nobilitate
985 2678 1153 2734 excusandus
1184 2677 1303 2739 videtur:
1330 2677 1411 2749 quin,
1440 2677 1533 2749 potius
1562 2676 1713 2731 maioribus

418 2761 475 2814 suis
507 2760 676 2832 degenerans
711 2761 829 2832 posteris
867 2760 993 2816 omnibus
1022 2779 1079 2817 suae
1109 2761 1289 2833 ignobilitatis
1316 2760 1452 2834 relinquet
1478 2761 1631 2815 exordium.
1677 2759 1712 2815 Ex

418 2844 517 2917 quibus
546 2843 626 2917 plane
654 2842 742 2916 liquet
768 2845 936 2901 miserrimos
965 2863 997 2902 ae
1019 2847 1178 2902 temerarios
1201 2845 1323 2917 immines
1351 2853 1379 2901 et
1399 2845 1565 2900 conditionis
1589 2846 1744 2919 propriam

419 2928 520 2984 oblitos
536 2935 564 2984 et
587 2929 755 2985 interneciuo
778 2929 841 2985 odio
865 2931 901 2985 ita
924 2939 1061 2997 extremos
1084 2931 1216 2986 terminos
1238 2930 1336 2986 mentis
1358 2947 1419 2986 esse
1441 2930 1565 3003 positos,
1590 2938 1621 2985 ut
1646 2930 1712 2985 libe·

419 3031 477 3069 nrm
501 3014 642 3069 arbitrium
671 3030 702 3069 ac
730 3014 867 3070 violentie
896 3024 1034 3090 sceptrum
1064 3017 1090 3071 iu
1119 3016 1274 3071 uirtutum
1296 3033 1383 3088 genus
1405 3015 1551 3069 humanum
1574 3017 1713 3088 accepisse

416 3099 568 3155 certissime
597 3106 695 3172 putent
721 3116 752 3154 ac
774 3098 888 3154 tirmiter
908 3101 1033 3162 credant,
1058 3102 1094 3155 ita
1116 3109 1146 3155 ut
1168 3108 1264 3157 cuncta
1287 3117 1348 3173 quas
1371 3098 1411 3154 vel
1434 3099 1504 3154 male
1529 3099 1648 3154 dicendo
1671 3098 1712 3154 xel

418 3182 487 3239 male
520 3183 626 3255 egendo
660 3191 833 3257 perpetrant.
869 3184 922 3239 illis
956 3203 1049 3258 aequa,
1083 3186 1164 3257 digna
1197 3203 1227 3240 ac
1261 3185 1331 3239 insta
1358 3201 1420 3239 esse
1441 3184 1584 3238 videantur
1586 3225 1710 3237 ......

417 3263 495 3329 [Post
513 3266 706 3327 disputationem
730 3267 931 3327 delinquerunt,
951 3266 1066 3322 Latium,
1086 3266 1186 3316 Grercw
1210 3265 1409 3329 Hebraicu’que,
1428 3266 1461 3312 de
1478 3267 1633 3322 dialecticen,
1657 3266 1745 3313 ade-³⁰

417 3343 508 3389 toricoe
526 3357 557 3388 uc
573 3341 741 3402 pbilosnpdiu¹
763 3341 973 3406 historiarumque
995 3343 1079 3389 aurelio
1103 3343 1135 3389 iia
1157 3344 1200 3404 qni
1220 3341 1369 3403 tdeolops'um
1391 3342 1588 3402 profiterentur.
1614 3346 1713 3388 omnino

417 3421 563 3465 necessario
580 3417 791 3479 perquisitum
808 3413 933 3480 modum]
968 3413 1054 3467 Porro
1077 3413 1099 3466 si
1123 3412 1269 3483 theologus
1291 3428 1342 3466 nec
1364 3412 1422 3466 iure
1437 3419 1534 3466 nostro
1551 3420 1605 3465 tarn
1621 3412 1712 3465 divino

418 3514 500 3570 quam
522 3497 640 3551 bumano
663 3497 769 3570 peritus
792 3498 858 3558 erit,
888 3514 942 3551 non
965 3497 1043 3552 video
1066 3514 1120 3569 quo
1144 3505 1223 3569 pacto
1244 3495 1331 3551 diviua
1355 3497 1423 3550 scite
1445 3514 1475 3549 ac
1497 3504 1592 3550 sancte
1613 3495 1714 3566 guber-

418 3599 484 3636 nare
507 3580 546 3634 vel
570 3581 684 3635 bumana
708 3580 826 3636 solerter
848 3590 876 3635 et
898 3580 1020 3652 legitime
1040 3581 1230 3636 administrare
1252 3578 1364 3634 valebit:
1396 3578 1433 3634 nil
1458 3579 1542 3651 igitur
1565 3580 1611 3652 qui
1638 3579 1713 3634 tbeo-

419 3666 506 3737 logica
523 3664 612 3720 laurea
635 3682 664 3718 se
686 3666 797 3736 «ligerum
820 3666 983 3725 arbitratur,
1008 3665 1129 3736 ignorem
1153 3665 1198 3719 sed
1219 3664 1258 3743 ita
1282 3664 1440 3737 prudentia,
1464 3663 1628 3721 eruditione,
1654 3675 1744 3722 usust

418 3749 585 3822 experientia
608 3749 736 3810 excellat,
761 3758 789 3804 ut
813 3749 892 3823 plane
916 3751 1069 3822 quempiam
1092 3749 1242 3821 exquisitae
1264 3749 1406 3821 sapientia·
1428 3755 1456 3802 et
1477 3748 1611 3802 doctrinar
1628 3750 1712 3803 sirum

419 3837 522 3891 reicere
545 3834 675 3888 rideatur.
699 3834 786 3907 qualis
809 3834 874 3888 oliui
898 3835 947 3888 luit
971 3834 1008 3888 lo.
1024 3833 1192 3888 t'amerarius
1207 3832 1375 3905 l'augiouuru
1398 3833 1557 3905 episcopus,
1582 3831 1618 3886 lo.
1635 3832 1713 3888 Picus

418 3917 633 3978 lliraudulanus,
657 3917 805 3973 llobuslaus
820 3919 853 3973 de
869 3915 1058 3976 Hasseustebr,
1081 3918 1118 3972 lo.
1141 3916 1386 3990 licpserspergius,
1410 3915 1597 3986 Engelbardus
1613 3915 1712 3977 Fiunt,

418 4006 455 4062 lo.
472 4005 555 4077 llays,
579 4003 615 4058 lo.
631 4005 720 4063 tluno,
743 4004 873 4058 menmria
895 4003 1107 4075 quorum-inter
1121 4001 1216 4057 beatos
1231 4009 1366 4074 perpetuo
1380 4008 1607 4059 connumeretur:
1631 4019 1663 4055 ex
1680 4002 1714 4054 ri·

417 4089 543 4146 rentibus
566 4087 741 4160 vero'qualis
763 4096 806 4142 cst
828 4087 1068 4143 reverendissimus
1091 4085 1217 4159 princeps
1232 4083 1378 4140 cardinalis
1393 4084 1554 4144 Gurcensis,
1577 4085 1615 4140 lo.
1632 4084 1652 4139 F
1655 4097 1746 4141 ran-to

417 4273 451 4323 Iu
470 4275 523 4336 fine
547 4267 708 4336 Imprettmn
729 4287 747 4334 p
771 4271 944 4321 Friderienm
966 4269 1077 4333 Peypus
1097 4267 1101 4331 Ι
1122 4267 1309 4333 Nnrenbergae
1333 4252 1525 4317 lexto'b'onas
1546 4265 1550 4329 Ι
1573 4266 1714 4317 Octobris.

416 4358 496 4406 Anno
527 4354 636 4417 salutis,
653 4354 709 4416 tlt.
724 4356 758 4405 D.
775 4352 935 4418 utute.
987 4352 1157 4403 B=Idem
1179 4351 1251 4401 liber
1272 4353 1301 4401 iu
1318 4352 1355 4401 4⁰.
1379 4368 1405 4401 a.
1427 4349 1499 4401 1518.
1523 4354 1662 4416 repetitus
1689 4359 1716 4402 et

417 4447 516 4491 auctus
541 4441 585 4490 cni
609 4440 782 4489 inscribitur:
802 4454 917 4489 crcxssr
942 4438 1100 4500 crisenon,
1125 4453 1176 4487 ssu
1200 4433 1436 4498 nsrx=lnilcentec
1461 4434 1602 4486 Bilibsldo
1619 4437 1714 4487 Pirclx-

454 4506 691 4589 1ιε]εΙιιιειο“..-ΙΙΙ
711 4528 873 4590 interprete.
892 4524 924 4585 ΙΙΙ
942 4522 1013 4590 [finit
1034 4539 1098 4588 paq.
1123 4525 1219 4586 penult.
1236 4517 1305 4585 sim]
1330 4521 1410 4570 Anno
1427 4520 1596 4570 Natiuitatis
1622 4522 1677 4571 Dei

805 4611 850 4659 ‚M
861 4610 903 4659 .Ι)
914 4608 1025 4659 .xv111
1036 4644 1043 4655 .
1061 4604 1155 4657 menie
1170 4605 1175 4672 Ι
1190 4605 1325 4668 ianuarii.

467 4791 521 4843 ’oe
532 4792 676 4860 impurum]
690 4795 796 4846 loceris
810 4795 986 4861 Psefferlrorn.
1028 4790 1211 4843 ”lucescere
1225 4792 1291 4842 An.
1324 4787 1559 4855 meriplenus.
1602 4788 1624 4823 ¹⁹
1636 4791 1714 4841 Pauli

417 4893 460 4943 ep.
475 4878 511 4928 sd
522 4879 579 4929 Tit.
592 4879 615 4930 Ι.
625 4879 664 4932 ta.
715 4878 739 4911 ⁸³
757 4882 812 4930 iam
825 4880 859 4930 B.
918 4878 941 4911 ⁸¹
957 4879 998 4929 10.
1012 4874 1164 4942 Cameren]
1181 4892 1230 4927 aon
1248 4876 1369 4941 Detbesp.
1421 4874 1445 4907 ⁸⁸
1462 4875 1666 4942 Leyserspgius
1678 4876 1711 4926 B.

417 4963 533 5013 Gentem
549 4971 596 5013 est.
666 4963 688 4996 ³¹
706 4969 901 5024 conumeratus
912 4966 947 5015 A.
998 4962 1023 4996 ⁴⁰
1039 4958 1200 5027 flamensis]
1220 4960 1361 5011 blandae
1376 4960 1461 5025 Lao.
