3917 5950
340 635 429 707 424
583 647 637 698 de.
658 662 781 699 nrrrnm
794 661 831 697 au
843 660 976 696 suasura
989 660 1126 696 noannon.
1141 661 1184 696 rr.
1198 661 1224 696 n.
1241 653 1272 694 ta.
1287 660 1351 696 nor.
1368 653 1426 695 isto.

355 819 500 900 epistola),
530 819 662 880 comitiis
690 835 758 877 cum
786 816 836 877 illo
865 816 1089 895 expostulantis,
1119 816 1196 895 qrrod
1219 824 1248 876 te
1270 817 1299 875 in
1322 817 1488 876 Germania
1505 815 1582 875 lerat
1601 813 1648 875 ba·

258 985 265 1001 ,
356 942 424 984 rum
447 940 547 982 rerum
569 921 756 996 magistrum,
781 919 864 978 cuius
885 920 1027 978 momenti
1049 920 1107 978 est?
1141 918 1229 979 l'lane
1252 920 1424 996 fugiendum
1440 919 1495 984 tibi
1510 919 1649 986 existimo,

358 1027 382 1083 si
411 1041 468 1082 nou
498 1023 597 1097 magui
625 1021 713 1079 iacias
739 1026 823 1079 tuum
851 1038 967 1088 casum,
998 1028 1093 1080 tamen
1121 1027 1154 1080 ut
1181 1040 1218 1080 ue
1242 1027 1320 1079 tauto
1344 1022 1468 1098 praeside
1491 1020 1651 1099 spolientur

298 1137 343 1187 §.s
359 1125 469 1191 studia,
496 1130 575 1182 tauto
599 1129 681 1199 patre
704 1121 784 1180 orba·¹
807 1123 865 1181 siut
887 1121 986 1180 literae.
1032 1122 1061 1181 Si
1084 1121 1233 1182 dubitares
1256 1122 1366 1190 adlmc,
1390 1121 1462 1182 nihil
1477 1123 1571 1182 lidum
1586 1125 1652 1181 sitis

360 1244 424 1286 esse
446 1224 531 1284 nobis
554 1224 597 1283 rel
620 1223 657 1282 ab
679 1222 825 1282 dleandro
848 1223 947 1282 doceri
971 1230 1136 1300 oporteret,
1166 1243 1253 1302 quem
1276 1225 1341 1301 quis
1367 1231 1503 1301 putasset
1529 1224 1671 1301 pecunia⁵

359 1325 531 1387 sacerdotali
560 1324 713 1384 adversum
743 1342 797 1383 tros
826 1325 950 1384 omduei
979 1326 1084 1403 posse‘?
1116 1332 1264 1385 ettamen
1292 1344 1351 1385 nou
1379 1334 1532 1404 oppugnat
1560 1326 1652 1384 acrius

299 1439 344 1490 tt.
359 1429 416 1489 boe
438 1436 571 1505 tempore
594 1425 675 1485 alius.
714 1425 759 1485 Tu
782 1433 879 1484 autem
902 1424 1006 1486 leuiter
1029 1434 1057 1485 et
1079 1426 1312 1487 subblandiendo
1335 1435 1377 1486 tut
1399 1430 1457 1487 iam
1480 1444 1575 1511 aurcos
1596 1434 1652 1484 tra·

360 1537 437 1590 ctato
459 1529 611 1606 pontifice,
642 1529 728 1588 etiam
751 1525 884 1595 laudato,
912 1527 983 1605 ‹pnd
1006 1529 1138 1587 meruisti
1160 1527 1237 1588 aliud
1261 1546 1348 1605 qrram
1370 1536 1402 1588 ut
1424 1528 1539 1588 intense
1562 1527 1654 1587 oderit

361 1638 390 1693 et
412 1630 558 1708 perditum
582 1629 666 1688 relit‘t
700 1629 727 1687 id
752 1628 828 1705 qood
851 1631 944 1705 inagis
967 1631 1052 1688 etiam
1077 1631 1173 1689 lacero
1196 1629 1287 1699 volet,
1317 1630 1433 1708 quando
1463 1631 1519 1689 iam
1547 1629 1653 1689 ridebit

300 1741 463 1794 §.seoutra
490 1750 576 1791 suum
605 1732 737 1790 furorem
766 1748 846 1788 arma
870 1730 1008 1807 expediri.
1054 1731 1133 1808 (pared
1160 1732 1216 1790 iam
1245 1739 1312 1791 ante
1339 1732 1448 1791 lactum
1477 1738 1572 1798 esset,
1600 1732 1684 1789 uisite

359 1835 509 1895 Fraucisri
533 1830 685 1893 eonsilium
708 1831 810 1890 luisset
833 1848 933 1906 regem
957 1838 1070 1892 tentare
1092 1833 1190 1910 priuS,
1219 1851 1270 1910 spe
1293 1841 1435 1911 concepta
1458 1831 1522 1892 lore
1545 1840 1578 1892 ut
1600 1832 1652 1891 boc

360 1939 422 2016 ipse
445 1954 496 1994 rex
519 1942 586 2012 agat
613 1941 663 1993 aut
691 1941 771 1992 certe
793 1931 947 2010 agentibus
969 1933 1053 1993 uobis
1076 1935 1241 2002 connireat;
1276 1953 1371 2012 neque
1393 1952 1453 1994 nou
1477 1933 1587 1994 lartum
1609 1952 1653 1993 ar·

362 2038 472 2106 bitror,
506 2037 561 2096 nisi
588 2036 685 2095 omnia
713 2036 836 2094 imertet
863 2031 1023 2093 sceleratus
1051 2034 1098 2095 ille
1128 2035 1247 2095 Selarns
1276 2054 1386 2096 corona
1414 2036 1523 2096 Caesari
1551 2036 1653 2104 obtata,

303 2142 448 2201 §.urruns
470 2139 624 2216 pruruium
646 2138 796 2214 poscimur
818 2133 964 2194 Lutberns
987 2144 1016 2195 et
1038 2154 1102 2213 ego.
1149 2136 1226 2215 Ergo
1254 2139 1342 2216 igitur
1371 2140 1451 2216 cripe
1482 2139 1589 2198 isthinc
1612 2148 1653 2207 te;

362 2259 429 2300 nam
465 2240 535 2299 mibi
568 2240 657 2298 armis
690 2235 835 2315 agendum
865 2243 922 2301 cst.
958 2238 1037 2314 quod
1065 2237 1116 2297 tibi
1146 2257 1183 2297 ne
1212 2239 1303 2307 obsit,
1337 2240 1465 2316 praedico
1494 2249 1561 2300 ante
1589 2243 1685 2301 iano

363 2342 473 2412 Quodsi
501 2359 561 2400 nou
590 2338 699 2417 probas
726 2340 889 2399 institutum
918 2346 948 2396 tu
976 2358 1089 2405 uicum,
1124 2359 1240 2400 euersam
1271 2347 1366 2400 tumen
1396 2360 1450 2401 rur
1484 2342 1549 2401 bar
1576 2362 1653 2420 paro,

364 2442 533 2520 improbare
562 2460 620 2500 uon
648 2448 746 2520 potes,
775 2447 808 2500 ut
835 2439 926 2499 libera
957 2441 994 2499 sit
1016 2442 1186 2510 Germania;
1221 2460 1288 2501 uam
1312 2451 1380 2502 tunc
1402 2442 1543 2520 rigebuut
1559 2446 1654 2514 ctiam

296 2545 456 2610 §.inliterae
479 2551 508 2602 et
531 2543 625 2602 bonor
648 2542 703 2601 erit
724 2541 835 2601 studiis.
883 2540 1005 2602 llilbeile
1028 2543 1084 2601 boe
1109 2542 1160 2602 tibi
1182 2551 1226 2603 est
1247 2550 1403 2620 praestare,
1433 2545 1539 2622 inquis.
1584 2544 1655 2604 dilli-

366 2647 521 2714 cillimum,
550 2645 601 2705 sed
630 2651 726 2703 tamen
756 2644 855 2703 conari
884 2643 1039 2720 pulchrum
1069 2650 1127 2712 est,
1158 2645 1298 2723 quidquid
1321 2645 1433 2704 eveniat
1456 2647 1558 2706 etiam:
1592 2664 1656 2705 riam

366 2749 475 2810 eventis
505 2766 605 2807 rerum
636 2762 768 2822 prrgnare
796 2761 854 2802 non
885 2752 928 2803 est
949 2762 1064 2813 meum;
1099 2746 1176 2822 quod
1200 2747 1315 2805 lortuua
1338 2754 1521 2807 momentum
1544 2747 1688 2809 trabeato

297 2850 406 2914 §.mibi
428 2852 525 2910 animo
548 2856 577 2908 et
599 2847 704 2906 virtute
728 2844 866 2906 conabor.
911 2846 1021 2917 Quodsi
1045 2847 1091 2907 eni
1113 2864 1267 2906 occurram
1290 2848 1450 2915 (arcasium,
1481 2849 1547 2925 quis
1570 2851 1656 2925 impe·

365 2953 424 3013 diet
452 2958 583 3030 optatum
612 2948 657 3009 bis
687 2947 815 3008 consiliis
842 2951 950 3009 exitum
980 2949 1168 3026 coutingere‘?
1204 2949 1249 3008 sin
1277 2955 1378 3008 contra
1406 2949 1535 3018 eveniet,
1565 2957 1658 3009 tamen

366 3054 479 3116 nullum
503 3061 546 3113 est
568 3060 627 3111 tam
650 3050 780 3129 prudeus
801 3052 947 3127 pontilicis
970 3047 1139 3118 consilium,
1163 3051 1240 3127 quod
1264 3052 1435 3127 extinguere
1458 3050 1516 3108 boe
1539 3070 1555 3109 a
1578 3051 1658 3110 nobis

366 3159 523 3218 excitatum
546 3153 635 3213 semel
659 3152 826 3213 incendium
849 3152 948 3212 liceat:
982 3152 1115 3228 prolecto
1138 3154 1214 3211 enim
1238 3150 1383 3210 ardebunt
1405 3153 1474 3230 ista,
1505 3161 1658 3229 qtrantum-

367 3276 494 3336 cumque
515 3254 727 3316 reluctantibus
749 3254 834 3331 ipsis,
859 3255 945 3314 etiam
969 3255 992 3312 si
1016 3271 1069 3311 nos
1091 3255 1272 3331 opprimant:
1308 3254 1364 3312 iam
1386 3252 1458 3312 ulios
1474 3256 1554 3313 enirn
1570 3256 1660 3331 pariet
1668 3275 1691 3314 rs

299 3372 357 3422 tu.
367 3359 601 3419 vehementiores
624 3358 709 3416 etiam
732 3354 873 3414 libertatis
895 3354 1062 3414 adsertores
1085 3357 1157 3413 ciuis
1179 3355 1232 3414 iste
1254 3361 1368 3414 noster:
1402 3363 1490 3433 atque
1512 3374 1548 3415 eo
1571 3359 1660 3434 magis
1685 3344 1687 3348 ⁷

367 3478 422 3538 ago
444 3461 521 3528 bare,
545 3459 623 3537 qrrod
648 3460 778 3517 luturmu
801 3456 857 3516 boe
880 3457 955 3524 scio;
991 3456 1178 3533 conaborque
1201 3458 1298 3516 omnia
1321 3464 1349 3515 et
1371 3457 1579 3535 undecumque
1595 3457 1660 3517 lice·

367 3561 424 3629 bit,
454 3579 554 3620 ausam
583 3559 668 3619 nobis
696 3558 848 3635 arripiam,
877 3556 948 3616 nibil
976 3575 1035 3616 nou
1061 3556 1195 3626 tentabo;
1230 3576 1245 3617 a
1269 3575 1327 3635 qrro
1350 3556 1437 3617 nullae
1459 3559 1561 3628 minae,
1585 3559 1659 3618 nulla

367 3682 433 3742 rpem
455 3661 602 3722 abducant
623 3659 755 3738 pericula
777 3661 846 3719 satis
868 3667 945 3719 sunt.
982 3658 1078 3720 Semel
1094 3660 1213 3719 infixum
1230 3660 1259 3719 in
1275 3658 1408 3719 libertate
1423 3661 1550 3720 animam
1567 3661 1660 3721 dirimi

366 3784 425 3825 nou
449 3765 551 3842 patiar.
589 3781 625 3822 au
649 3766 766 3839 possem
789 3763 863 3839 pati,
888 3763 934 3822 eui
957 3771 1016 3821 tam
1039 3761 1191 3821 inhonesta
1214 3762 1363 3838 proposita
1384 3762 1422 3819 sit
1443 3763 1584 3830 servitus,
1608 3764 1691 3823 nisio

367 3865 528 3926 rebellem?
566 3882 660 3941 egone
690 3862 828 3923 mollibus
861 3864 985 3922 serviam
1016 3861 1222 3928 sacerdotulis,
1256 3860 1417 3921 delicatulis
1450 3863 1512 3921 istis
1545 3848 1660 3943 (tyrredis

366 3986 502 4046 parcam,
532 3967 696 4044 impudicos
723 3965 844 4025 adorem
872 3968 1039 4041 pontiliees,
1070 3964 1221 4024 homiuum
1249 3962 1357 4024 nullius
1385 3962 1470 4024 bonae
1494 3965 1589 4041 lrugis
1610 3968 1660 4026 lm·

367 4076 467 4145 perata
491 4070 609 4135 loriam,
634 4086 702 4127 cum
724 4068 809 4126 toties
832 4068 953 4125 suuunis
976 4065 1203 4143 imperatoribus
1225 4082 1348 4140 negasse
1366 4064 1422 4124 hoc
1438 4067 1567 4126 maiores
1582 4085 1661 4127 meos

367 4172 471 4238 seiam,
505 4188 559 4230 noe
588 4188 620 4229 ea
650 4170 688 4228 sit
715 4186 781 4244 qrrte
810 4174 920 4227 tautam
951 4166 1180 4245 indignationem
1209 4168 1297 4234 terat,
1327 4185 1392 4227 mea
1422 4170 1548 4228 natural
1582 4172 1661 4247 prius

300 4273 465 4338 §.moninio
493 4272 660 4349 perdidero.
706 4269 791 4339 Quod
819 4276 851 4329 nt
877 4287 915 4328 ne
944 4268 1060 4329 dubites
1090 4287 1148 4347 quo
1177 4269 1283 4345 agitem
1306 4251 1419 4339 animo,
1448 4271 1508 4329 iam
1530 4274 1690 4348 persiusia

367 4375 429 4450 ipse
451 4372 522 4433 mibi
545 4373 630 4433 latale
653 4373 710 4432 buc
732 4390 797 4431 esse
818 4368 946 4430 llutteoo
973 4389 1028 4448 pru
1050 4371 1142 4448 patria
1165 4368 1361 4448 periclitante,
1391 4370 1470 4447 ouon
1495 4380 1661 4433 constanter

368 4475 441 4535 adeo
469 4476 624 4552 proposui,
653 4481 687 4534 ut
717 4472 872 4531 clariorem
901 4471 1025 4540 nullam,
1056 4489 1143 4549 quam
1173 4489 1239 4549 quae
1266 4490 1322 4549 pro
1351 4474 1501 4532 communi
1528 4473 1661 4534 libertate

298 4575 506 4644 errobeatur,
529 4583 656 4635 mortem
679 4593 743 4633 esse
766 4574 937 4634 existimem.
974 4574 1058 4651 Agite
1079 4574 1182 4650 igitur,
1207 4574 1308 4652 optimi
1331 4575 1422 4642 cives
1446 4573 1547 4633 adeste
1570 4592 1660 4651 popu-

435 4775 611 4842 ⁵Aleaudrol
630 4777 786 4826 Alexandro
800 4780 823 4824 1.
833 4779 859 4825 2.
907 4775 926 4807 ¹¹
945 4772 1056 4841 Prone]
1076 4774 1109 4824 de
1123 4774 1285 4839 Siclringen.
1339 4774 1443 4843 regem]
1458 4776 1659 4834 Germanicum,

368 4860 496 4909 Carobun
508 4861 541 4909 V.
557 4861 676 4910 electum
695 4862 758 4925 imp.
773 4862 964 4919 Ronrnnurum.
1019 4858 1040 4891 ¹³
1058 4858 1179 4907 Sclaiius
1193 4860 1302 4910 Corolla
1317 4862 1340 4908 l.
1348 4863 1373 4910 2.
1393 4860 1533 4911 Alcander
1550 4863 1659 4911 natione

366 4945 453 4994 Istrus
473 4946 534 4994 suit.
587 4945 609 4977 ²⁷
628 4942 696 5009 scio]
716 4946 771 4994 scis
786 4945 809 4993 1.
819 4947 844 4993 2.
