<?xml version="1.0" encoding="UTF-8"?>
<!DOCTYPE html PUBLIC "-//W3C//DTD XHTML 1.0 Transitional//EN"
    "http://www.w3.org/TR/xhtml1/DTD/xhtml1-transitional.dtd">
<html xmlns="http://www.w3.org/1999/xhtml" xml:lang="en" lang="en">
 <head>
  <title>
</title>
<meta http-equiv="Content-Type" content="text/html;charset=utf-8" />
  <meta name='ocr-system' content='tesseract 3.04.00' />
  <meta name='ocr-capabilities' content='ocr_page ocr_carea ocr_par ocr_line ocrx_word'/>
</head>
<body>
  <div class='ocr_page' id='page_1' title='image "./ulrichihuttenie07huttgoog_0423.png"; bbox 0 0 3917 5950; ppageno 0'>
   <div class='ocr_carea' id='block_1_1' title="bbox 430 643 1613 713">
    <p class='ocr_par' dir='ltr' id='par_1_1' title="bbox 430 643 1613 713">
     <span class='ocr_line' id='line_1_1' title="bbox 430 643 1613 713; baseline 0 -8"><span class='ocrx_word' id='word_1_1' title='bbox 430 653 569 706; x_wconf 81' lang='lat' dir='ltr'>cxxxtl.</span> <span class='ocrx_word' id='word_1_2' title='bbox 590 669 672 704; x_wconf 73' lang='lat' dir='ltr'>uvea.</span> <span class='ocrx_word' id='word_1_3' title='bbox 686 669 723 703; x_wconf 84' lang='lat' dir='ltr'>an</span> <span class='ocrx_word' id='word_1_4' title='bbox 737 671 815 705; x_wconf 74' lang='lat' dir='ltr'>rara.</span> <span class='ocrx_word' id='word_1_5' title='bbox 831 671 865 705; x_wconf 80' lang='lat' dir='ltr'>ne</span> <span class='ocrx_word' id='word_1_6' title='bbox 879 671 984 705; x_wconf 80' lang='lat' dir='ltr'>aursus</span> <span class='ocrx_word' id='word_1_7' title='bbox 999 670 1052 704; x_wconf 83' lang='lat' dir='ltr'>reo</span> <span class='ocrx_word' id='word_1_8' title='bbox 1066 670 1245 704; x_wconf 76' lang='lat' dir='ltr'>rnaoaersuo</span> <span class='ocrx_word' id='word_1_9' title='bbox 1259 670 1408 706; x_wconf 81' lang='lat' dir='ltr'>arououra.</span> <span class='ocrx_word' id='word_1_10' title='bbox 1432 665 1488 706; x_wconf 72' lang='lat' dir='ltr'>tate.</span> <span class='ocrx_word' id='word_1_11' title='bbox 1540 643 1613 713; x_wconf 78' lang='grc'>295</span> 
     </span>
    </p>
   </div>
   <div class='ocr_carea' id='block_1_2' title="bbox 293 824 1680 4450">
    <p class='ocr_par' dir='ltr' id='par_1_2' title="bbox 293 824 1680 4450">
     <span class='ocr_line' id='line_1_2' title="bbox 314 824 1614 905; baseline 0.002 -20"><span class='ocrx_word' id='word_1_12' title='bbox 314 825 409 886; x_wconf 87' lang='lat' dir='ltr'>Etiam</span> <span class='ocrx_word' id='word_1_13' title='bbox 432 831 522 903; x_wconf 86' lang='lat' dir='ltr'>atque</span> <span class='ocrx_word' id='word_1_14' title='bbox 543 825 630 884; x_wconf 88' lang='lat' dir='ltr'>etiarn</span> <span class='ocrx_word' id='word_1_15' title='bbox 653 825 809 885; x_wconf 76' lang='lat' dir='ltr'>videntium</span> <span class='ocrx_word' id='word_1_16' title='bbox 833 824 883 884; x_wconf 89' lang='lat' dir='ltr'>tihi</span> <span class='ocrx_word' id='word_1_17' title='bbox 907 831 951 884; x_wconf 86' lang='lat' dir='ltr'>est</span> <span class='ocrx_word' id='word_1_18' title='bbox 973 843 1062 902; x_wconf 74' lang='lat' dir='ltr'>quiam</span> <span class='ocrx_word' id='word_1_19' title='bbox 1085 842 1203 884; x_wconf 82' lang='lat' dir='ltr'>cerream</span> <span class='ocrx_word' id='word_1_20' title='bbox 1225 825 1450 902; x_wconf 81' lang='lat' dir='ltr'>improbandam</span> <span class='ocrx_word' id='word_1_21' title='bbox 1465 828 1614 905; x_wconf 77' lang='lat' dir='ltr'>suscipias,</span> 
     </span>
     <span class='ocr_line' id='line_1_3' title="bbox 314 925 1614 1008; baseline 0.004 -22"><span class='ocrx_word' id='word_1_22' title='bbox 314 925 393 1004; x_wconf 84' lang='lat' dir='ltr'>quod</span> <span class='ocrx_word' id='word_1_23' title='bbox 417 934 521 986; x_wconf 76' lang='lat' dir='ltr'>eontma</span> <span class='ocrx_word' id='word_1_24' title='bbox 544 926 653 987; x_wconf 81' lang='lat' dir='ltr'>taetrun</span> <span class='ocrx_word' id='word_1_25' title='bbox 676 928 801 987; x_wconf 88' lang='lat' dir='ltr'>tuearis:</span> <span class='ocrx_word' id='word_1_26' title='bbox 830 925 922 986; x_wconf 82' lang='lat' dir='ltr'>libros</span> <span class='ocrx_word' id='word_1_27' title='bbox 944 944 1026 985; x_wconf 81' lang='lat' dir='ltr'>rrrcos</span> <span class='ocrx_word' id='word_1_28' title='bbox 1049 927 1235 1004; x_wconf 80' lang='lat' dir='ltr'>persequeris</span> <span class='ocrx_word' id='word_1_29' title='bbox 1253 926 1382 985; x_wconf 83' lang='lat' dir='ltr'>nonalia</span> <span class='ocrx_word' id='word_1_30' title='bbox 1398 929 1510 989; x_wconf 83' lang='lat' dir='ltr'>ratione</span> <span class='ocrx_word' id='word_1_31' title='bbox 1526 948 1614 1008; x_wconf 91' lang='lat' dir='ltr'>quam</span> 
     </span>
     <span class='ocr_line' id='line_1_4' title="bbox 315 1026 1615 1107; baseline 0.003 -20"><span class='ocrx_word' id='word_1_32' title='bbox 315 1028 382 1106; x_wconf 86' lang='lat' dir='ltr'>quia</span> <span class='ocrx_word' id='word_1_33' title='bbox 405 1026 518 1089; x_wconf 76' lang='lat' dir='ltr'>traticnt</span> <span class='ocrx_word' id='word_1_34' title='bbox 540 1046 573 1087; x_wconf 88' lang='lat' dir='ltr'>ea</span> <span class='ocrx_word' id='word_1_35' title='bbox 597 1046 662 1107; x_wconf 79' lang='lat' dir='ltr'>qum</span> <span class='ocrx_word' id='word_1_36' title='bbox 685 1027 803 1105; x_wconf 85' lang='lat' dir='ltr'>publico</span> <span class='ocrx_word' id='word_1_37' title='bbox 817 1029 847 1087; x_wconf 90' lang='lat' dir='ltr'>iu</span> <span class='ocrx_word' id='word_1_38' title='bbox 864 1028 1020 1087; x_wconf 82' lang='lat' dir='ltr'>Gerrrrania</span> <span class='ocrx_word' id='word_1_39' title='bbox 1042 1027 1149 1087; x_wconf 87' lang='lat' dir='ltr'>iudicio</span> <span class='ocrx_word' id='word_1_40' title='bbox 1171 1027 1325 1104; x_wconf 80' lang='lat' dir='ltr'><strong>diligenter</strong></span> <span class='ocrx_word' id='word_1_41' title='bbox 1346 1029 1499 1106; x_wconf 82' lang='lat' dir='ltr'>inquisita,</span> <span class='ocrx_word' id='word_1_42' title='bbox 1523 1034 1615 1091; x_wconf 88' lang='lat' dir='ltr'>ruani-</span> 
     </span>
     <span class='ocr_line' id='line_1_5' title="bbox 313 1130 1613 1207; baseline 0.002 -18"><span class='ocrx_word' id='word_1_43' title='bbox 313 1130 386 1189; x_wconf 81' lang='lat' dir='ltr'>ieste</span> <span class='ocrx_word' id='word_1_44' title='bbox 409 1130 542 1207; x_wconf 81' lang='lat' dir='ltr'>cognita,</span> <span class='ocrx_word' id='word_1_45' title='bbox 565 1148 625 1189; x_wconf 91' lang='lat' dir='ltr'>non</span> <span class='ocrx_word' id='word_1_46' title='bbox 647 1130 831 1189; x_wconf 83' lang='lat' dir='ltr'>severissimo</span> <span class='ocrx_word' id='word_1_47' title='bbox 853 1130 989 1188; x_wconf 89' lang='lat' dir='ltr'>damnata</span> <span class='ocrx_word' id='word_1_48' title='bbox 1012 1136 1096 1197; x_wconf 87' lang='lat' dir='ltr'>sunt;</span> <span class='ocrx_word' id='word_1_49' title='bbox 1127 1147 1191 1206; x_wconf 78' lang='lat' dir='ltr'>quae</span> <span class='ocrx_word' id='word_1_50' title='bbox 1207 1146 1309 1189; x_wconf 88' lang='lat' dir='ltr'>omnes</span> <span class='ocrx_word' id='word_1_51' title='bbox 1324 1131 1455 1191; x_wconf 90' lang='lat' dir='ltr'>omniurn</span> <span class='ocrx_word' id='word_1_52' title='bbox 1478 1132 1613 1192; x_wconf 82' lang='lat' dir='ltr'>ordinum</span> 
     </span>
     <span class='ocr_line' id='line_1_6' title="bbox 294 1229 1613 1311; baseline 0.001 -19"><span class='ocrx_word' id='word_1_53' title='bbox 294 1233 460 1301; x_wconf 61' lang='lat' dir='ltr'>‘aeritiunt</span> <span class='ocrx_word' id='word_1_54' title='bbox 489 1250 569 1311; x_wconf 81' lang='lat' dir='ltr'>quae,</span> <span class='ocrx_word' id='word_1_55' title='bbox 598 1232 622 1290; x_wconf 91' lang='lat' dir='ltr'>si</span> <span class='ocrx_word' id='word_1_56' title='bbox 650 1248 761 1308; x_wconf 88' lang='lat' dir='ltr'>paucos</span> <span class='ocrx_word' id='word_1_57' title='bbox 787 1229 864 1289; x_wconf 89' lang='lat' dir='ltr'>iltius</span> <span class='ocrx_word' id='word_1_58' title='bbox 893 1230 1039 1291; x_wconf 70' lang='lat' dir='ltr'>bernerum</span> <span class='ocrx_word' id='word_1_59' title='bbox 1068 1230 1160 1289; x_wconf 87' lang='lat' dir='ltr'>hostis</span> <span class='ocrx_word' id='word_1_60' title='bbox 1183 1229 1357 1290; x_wconf 83' lang='lat' dir='ltr'>collatrones</span> <span class='ocrx_word' id='word_1_61' title='bbox 1384 1234 1525 1309; x_wconf 75' lang='lat' dir='ltr'>excipias,</span> <span class='ocrx_word' id='word_1_62' title='bbox 1556 1252 1613 1293; x_wconf 80' lang='lat' dir='ltr'>arna</span> 
     </span>
     <span class='ocr_line' id='line_1_7' title="bbox 313 1323 1680 1410; baseline 0 -19"><span class='ocrx_word' id='word_1_63' title='bbox 313 1333 410 1392; x_wconf 86' lang='lat' dir='ltr'>omnis</span> <span class='ocrx_word' id='word_1_64' title='bbox 433 1333 589 1393; x_wconf 80' lang='lat' dir='ltr'>Germania</span> <span class='ocrx_word' id='word_1_65' title='bbox 611 1350 683 1392; x_wconf 82' lang='lat' dir='ltr'>voce</span> <span class='ocrx_word' id='word_1_66' title='bbox 706 1331 865 1392; x_wconf 90' lang='lat' dir='ltr'>clamatura</span> <span class='ocrx_word' id='word_1_67' title='bbox 887 1332 933 1390; x_wconf 85' lang='lat' dir='ltr'>sit.</span> <span class='ocrx_word' id='word_1_68' title='bbox 979 1332 1015 1390; x_wconf 84' lang='lat' dir='ltr'>At</span> <span class='ocrx_word' id='word_1_69' title='bbox 1044 1351 1097 1391; x_wconf 86' lang='lat' dir='ltr'>eur</span> <span class='ocrx_word' id='word_1_70' title='bbox 1125 1350 1184 1390; x_wconf 95' lang='lat' dir='ltr'>non</span> <span class='ocrx_word' id='word_1_71' title='bbox 1212 1332 1314 1392; x_wconf 89' lang='lat' dir='ltr'>eadem</span> <span class='ocrx_word' id='word_1_72' title='bbox 1343 1350 1432 1410; x_wconf 87' lang='lat' dir='ltr'>opera</span> <span class='ocrx_word' id='word_1_73' title='bbox 1461 1332 1539 1393; x_wconf 86' lang='lat' dir='ltr'>illam</span> <span class='ocrx_word' id='word_1_74' title='bbox 1567 1323 1680 1393; x_wconf 66' lang='lat' dir='ltr'>iri-tos.</span> 
     </span>
     <span class='ocr_line' id='line_1_8' title="bbox 313 1432 1614 1510; baseline 0.001 -16"><span class='ocrx_word' id='word_1_75' title='bbox 313 1433 380 1495; x_wconf 81' lang='lat' dir='ltr'>duci</span> <span class='ocrx_word' id='word_1_76' title='bbox 403 1433 489 1494; x_wconf 86' lang='lat' dir='ltr'>iubes</span> <span class='ocrx_word' id='word_1_77' title='bbox 511 1432 698 1493; x_wconf 78' lang='lat' dir='ltr'>Maximiir&#39;ani</span> <span class='ocrx_word' id='word_1_78' title='bbox 721 1433 917 1493; x_wconf 81' lang='lat' dir='ltr'>senteutiam?</span> <span class='ocrx_word' id='word_1_79' title='bbox 950 1452 1004 1493; x_wconf 89' lang='lat' dir='ltr'>eur</span> <span class='ocrx_word' id='word_1_80' title='bbox 1026 1433 1097 1493; x_wconf 84' lang='lat' dir='ltr'>iilud</span> <span class='ocrx_word' id='word_1_81' title='bbox 1121 1452 1180 1492; x_wconf 90' lang='lat' dir='ltr'>non</span> <span class='ocrx_word' id='word_1_82' title='bbox 1202 1440 1344 1494; x_wconf 86' lang='lat' dir='ltr'>retrectas</span> <span class='ocrx_word' id='word_1_83' title='bbox 1365 1433 1518 1510; x_wconf 83' lang='lat' dir='ltr'>publicum</span> <span class='ocrx_word' id='word_1_84' title='bbox 1539 1436 1614 1495; x_wconf 82' lang='lat' dir='ltr'>iuni-</span> 
     </span>
     <span class='ocr_line' id='line_1_9' title="bbox 313 1533 1612 1614; baseline 0.001 -19"><span class='ocrx_word' id='word_1_85' title='bbox 313 1535 407 1604; x_wconf 85' lang='lat' dir='ltr'>eium,</span> <span class='ocrx_word' id='word_1_86' title='bbox 431 1534 583 1614; x_wconf 84' lang='lat' dir='ltr'>imperiale</span> <span class='ocrx_word' id='word_1_87' title='bbox 605 1535 777 1595; x_wconf 76' lang='lat' dir='ltr'>decretum?</span> <span class='ocrx_word' id='word_1_88' title='bbox 810 1533 865 1603; x_wconf 79' lang='lat' dir='ltr'>Qui</span> <span class='ocrx_word' id='word_1_89' title='bbox 888 1534 925 1593; x_wconf 87' lang='lat' dir='ltr'>ob</span> <span class='ocrx_word' id='word_1_90' title='bbox 949 1533 1060 1593; x_wconf 89' lang='lat' dir='ltr'>scelera</span> <span class='ocrx_word' id='word_1_91' title='bbox 1084 1542 1237 1594; x_wconf 68' lang='lat' dir='ltr'>circumitus</span> <span class='ocrx_word' id='word_1_92' title='bbox 1260 1542 1315 1604; x_wconf 85' lang='lat' dir='ltr'>est,</span> <span class='ocrx_word' id='word_1_93' title='bbox 1346 1537 1509 1605; x_wconf 80' lang='lat' dir='ltr'>convictus,</span> <span class='ocrx_word' id='word_1_94' title='bbox 1540 1537 1612 1596; x_wconf 85' lang='lat' dir='ltr'>iani-</span> 
     </span>
     <span class='ocr_line' id='line_1_10' title="bbox 314 1635 1612 1714; baseline -0.001 -17"><span class='ocrx_word' id='word_1_95' title='bbox 314 1644 397 1697; x_wconf 85' lang='lat' dir='ltr'>catus</span> <span class='ocrx_word' id='word_1_96' title='bbox 419 1644 449 1697; x_wconf 87' lang='lat' dir='ltr'>et</span> <span class='ocrx_word' id='word_1_97' title='bbox 472 1637 642 1705; x_wconf 85' lang='lat' dir='ltr'>damnatus,</span> <span class='ocrx_word' id='word_1_98' title='bbox 665 1635 860 1714; x_wconf 67' lang='lat' dir='ltr'>decoquent</span> <span class='ocrx_word' id='word_1_99' title='bbox 884 1635 931 1694; x_wconf 84' lang='lat' dir='ltr'>ilia</span> <span class='ocrx_word' id='word_1_100' title='bbox 955 1635 1071 1703; x_wconf 79' lang='lat' dir='ltr'>feeerit,</span> <span class='ocrx_word' id='word_1_101' title='bbox 1096 1635 1158 1695; x_wconf 78' lang='lat' dir='ltr'>inec</span> <span class='ocrx_word' id='word_1_102' title='bbox 1173 1654 1276 1712; x_wconf 88' lang='lat' dir='ltr'>passus</span> <span class='ocrx_word' id='word_1_103' title='bbox 1291 1637 1341 1704; x_wconf 81' lang='lat' dir='ltr'>sit,</span> <span class='ocrx_word' id='word_1_104' title='bbox 1365 1637 1496 1698; x_wconf 86' lang='lat' dir='ltr'>scribere</span> <span class='ocrx_word' id='word_1_105' title='bbox 1518 1644 1612 1706; x_wconf 60' lang='lat' dir='ltr'>votam</span> 
     </span>
     <span class='ocr_line' id='line_1_11' title="bbox 294 1736 1612 1815; baseline 0.002 -18"><span class='ocrx_word' id='word_1_106' title='bbox 294 1737 380 1798; x_wconf 75' lang='lat' dir='ltr'>oinos</span> <span class='ocrx_word' id='word_1_107' title='bbox 402 1756 505 1798; x_wconf 88' lang='lat' dir='ltr'>rerum</span> <span class='ocrx_word' id='word_1_108' title='bbox 527 1738 662 1797; x_wconf 87' lang='lat' dir='ltr'>dominos</span> <span class='ocrx_word' id='word_1_109' title='bbox 685 1739 795 1815; x_wconf 66' lang='lat' dir='ltr'>{tatoris</span> <span class='ocrx_word' id='word_1_110' title='bbox 817 1756 849 1796; x_wconf 89' lang='lat' dir='ltr'>ea</span> <span class='ocrx_word' id='word_1_111' title='bbox 873 1736 1035 1797; x_wconf 85' lang='lat' dir='ltr'>decernere</span> <span class='ocrx_word' id='word_1_112' title='bbox 1057 1755 1122 1814; x_wconf 72' lang='lat' dir='ltr'>quiae</span> <span class='ocrx_word' id='word_1_113' title='bbox 1145 1757 1192 1797; x_wconf 83' lang='lat' dir='ltr'>nic</span> <span class='ocrx_word' id='word_1_114' title='bbox 1210 1737 1294 1797; x_wconf 69' lang='lat' dir='ltr'>(lictis</span> <span class='ocrx_word' id='word_1_115' title='bbox 1309 1745 1359 1797; x_wconf 90' lang='lat' dir='ltr'>aut</span> <span class='ocrx_word' id='word_1_116' title='bbox 1373 1740 1490 1815; x_wconf 83' lang='lat' dir='ltr'>scriptis</span> <span class='ocrx_word' id='word_1_117' title='bbox 1504 1739 1612 1800; x_wconf 87' lang='lat' dir='ltr'>iactare</span> 
     </span>
     <span class='ocr_line' id='line_1_12' title="bbox 314 1839 1612 1915; baseline 0 -16"><span class='ocrx_word' id='word_1_118' title='bbox 314 1857 372 1899; x_wconf 89' lang='lat' dir='ltr'>non</span> <span class='ocrx_word' id='word_1_119' title='bbox 395 1839 540 1898; x_wconf 74' lang='lat' dir='ltr'>conuenit.</span> <span class='ocrx_word' id='word_1_120' title='bbox 579 1839 637 1899; x_wconf 82' lang='lat' dir='ltr'>Sed</span> <span class='ocrx_word' id='word_1_121' title='bbox 659 1839 717 1899; x_wconf 88' lang='lat' dir='ltr'>iam</span> <span class='ocrx_word' id='word_1_122' title='bbox 739 1839 815 1897; x_wconf 82' lang='lat' dir='ltr'>torte</span> <span class='ocrx_word' id='word_1_123' title='bbox 837 1857 895 1897; x_wconf 90' lang='lat' dir='ltr'>non</span> <span class='ocrx_word' id='word_1_124' title='bbox 920 1839 1039 1915; x_wconf 86' lang='lat' dir='ltr'>patioris</span> <span class='ocrx_word' id='word_1_125' title='bbox 1061 1839 1156 1897; x_wconf 87' lang='lat' dir='ltr'>ctiam.</span> <span class='ocrx_word' id='word_1_126' title='bbox 1191 1839 1226 1897; x_wconf 78' lang='lat' dir='ltr'>At</span> <span class='ocrx_word' id='word_1_127' title='bbox 1250 1857 1303 1899; x_wconf 89' lang='lat' dir='ltr'>eur</span> <span class='ocrx_word' id='word_1_128' title='bbox 1324 1847 1383 1898; x_wconf 89' lang='lat' dir='ltr'>tam</span> <span class='ocrx_word' id='word_1_129' title='bbox 1406 1858 1473 1899; x_wconf 91' lang='lat' dir='ltr'>soro</span> <span class='ocrx_word' id='word_1_130' title='bbox 1496 1840 1612 1899; x_wconf 83' lang='lat' dir='ltr'>accedis</span> 
     </span>
     <span class='ocr_line' id='line_1_13' title="bbox 313 1938 1680 2017; baseline 0.001 -17"><span class='ocrx_word' id='word_1_131' title='bbox 313 1941 348 2000; x_wconf 83' lang='lat' dir='ltr'>ad</span> <span class='ocrx_word' id='word_1_132' title='bbox 371 1941 472 2001; x_wconf 80' lang='lat' dir='ltr'>iudicii</span> <span class='ocrx_word' id='word_1_133' title='bbox 495 1939 578 1998; x_wconf 86' lang='lat' dir='ltr'>istius</span> <span class='ocrx_word' id='word_1_134' title='bbox 600 1941 856 2000; x_wconf 65' lang='lat' dir='ltr'>retractationem?</span> <span class='ocrx_word' id='word_1_135' title='bbox 890 1938 974 2008; x_wconf 84' lang='lat' dir='ltr'>Quod</span> <span class='ocrx_word' id='word_1_136' title='bbox 997 1940 1026 1997; x_wconf 93' lang='lat' dir='ltr'>in</span> <span class='ocrx_word' id='word_1_137' title='bbox 1049 1945 1110 1998; x_wconf 88' lang='lat' dir='ltr'>toto</span> <span class='ocrx_word' id='word_1_138' title='bbox 1139 1940 1195 1999; x_wconf 89' lang='lat' dir='ltr'>troc</span> <span class='ocrx_word' id='word_1_139' title='bbox 1223 1941 1340 2017; x_wconf 79' lang='lat' dir='ltr'>negotio</span> <span class='ocrx_word' id='word_1_140' title='bbox 1368 1948 1498 2000; x_wconf 85' lang='lat' dir='ltr'>erratum</span> <span class='ocrx_word' id='word_1_141' title='bbox 1522 1947 1565 2000; x_wconf 86' lang='lat' dir='ltr'>est</span> <span class='ocrx_word' id='word_1_142' title='bbox 1587 1942 1680 2001; x_wconf 66' lang='lat' dir='ltr'>sirm.</span> 
     </span>
     <span class='ocr_line' id='line_1_14' title="bbox 314 2040 1612 2119; baseline -0.002 -17"><span class='ocrx_word' id='word_1_143' title='bbox 314 2041 466 2118; x_wconf 73' lang='lat' dir='ltr'>merigoe</span> <span class='ocrx_word' id='word_1_144' title='bbox 493 2059 553 2099; x_wconf 93' lang='lat' dir='ltr'>non</span> <span class='ocrx_word' id='word_1_145' title='bbox 580 2047 693 2117; x_wconf 66' lang='lat' dir='ltr'>potes„</span> <span class='ocrx_word' id='word_1_146' title='bbox 708 2041 787 2100; x_wconf 79' lang='lat' dir='ltr'>vities</span> <span class='ocrx_word' id='word_1_147' title='bbox 816 2059 903 2119; x_wconf 87' lang='lat' dir='ltr'>quarn</span> <span class='ocrx_word' id='word_1_148' title='bbox 933 2040 1098 2117; x_wconf 78' lang='lat' dir='ltr'>periculose</span> <span class='ocrx_word' id='word_1_149' title='bbox 1127 2042 1306 2109; x_wconf 85' lang='lat' dir='ltr'>crirnineris;</span> <span class='ocrx_word' id='word_1_150' title='bbox 1344 2042 1367 2100; x_wconf 88' lang='lat' dir='ltr'>si</span> <span class='ocrx_word' id='word_1_151' title='bbox 1396 2048 1495 2118; x_wconf 91' lang='lat' dir='ltr'>potes,</span> <span class='ocrx_word' id='word_1_152' title='bbox 1525 2060 1612 2119; x_wconf 76' lang='lat' dir='ltr'>‹puarn</span> 
     </span>
     <span class='ocr_line' id='line_1_15' title="bbox 314 2142 1611 2220; baseline 0.001 -20"><span class='ocrx_word' id='word_1_153' title='bbox 314 2142 436 2201; x_wconf 84' lang='lat' dir='ltr'>tetiam</span> <span class='ocrx_word' id='word_1_154' title='bbox 460 2159 553 2202; x_wconf 83' lang='lat' dir='ltr'>autres</span> <span class='ocrx_word' id='word_1_155' title='bbox 579 2160 680 2201; x_wconf 89' lang='lat' dir='ltr'>errare</span> <span class='ocrx_word' id='word_1_156' title='bbox 702 2142 890 2201; x_wconf 85' lang='lat' dir='ltr'>Germaniam</span> <span class='ocrx_word' id='word_1_157' title='bbox 912 2142 999 2201; x_wconf 72' lang='lat' dir='ltr'>sinas,</span> <span class='ocrx_word' id='word_1_158' title='bbox 1046 2143 1104 2201; x_wconf 79' lang='lat' dir='ltr'>Cur</span> <span class='ocrx_word' id='word_1_159' title='bbox 1133 2161 1191 2201; x_wconf 92' lang='lat' dir='ltr'>uon</span> <span class='ocrx_word' id='word_1_160' title='bbox 1219 2162 1235 2202; x_wconf 91' lang='lat' dir='ltr'>a</span> <span class='ocrx_word' id='word_1_161' title='bbox 1265 2143 1409 2220; x_wconf 88' lang='lat' dir='ltr'>principio</span> <span class='ocrx_word' id='word_1_162' title='bbox 1436 2144 1532 2202; x_wconf 86' lang='lat' dir='ltr'>statim</span> <span class='ocrx_word' id='word_1_163' title='bbox 1561 2150 1611 2202; x_wconf 92' lang='lat' dir='ltr'>tuo</span> 
     </span>
     <span class='ocr_line' id='line_1_16' title="bbox 295 2241 1611 2321; baseline 0.003 -22"><span class='ocrx_word' id='word_1_164' title='bbox 295 2241 438 2303; x_wconf 66' lang='lat' dir='ltr'>seruitio</span> <span class='ocrx_word' id='word_1_165' title='bbox 471 2244 641 2313; x_wconf 83' lang='lat' dir='ltr'>occurristi,</span> <span class='ocrx_word' id='word_1_166' title='bbox 676 2243 727 2303; x_wconf 84' lang='lat' dir='ltr'>scd</span> <span class='ocrx_word' id='word_1_167' title='bbox 761 2243 792 2302; x_wconf 90' lang='lat' dir='ltr'>iu</span> <span class='ocrx_word' id='word_1_168' title='bbox 824 2249 938 2302; x_wconf 90' lang='lat' dir='ltr'>tantum</span> <span class='ocrx_word' id='word_1_169' title='bbox 970 2243 1096 2302; x_wconf 86' lang='lat' dir='ltr'>subinde</span> <span class='ocrx_word' id='word_1_170' title='bbox 1129 2262 1259 2304; x_wconf 86' lang='lat' dir='ltr'>errorem</span> <span class='ocrx_word' id='word_1_171' title='bbox 1290 2245 1421 2321; x_wconf 83' lang='lat' dir='ltr'>protrahi</span> <span class='ocrx_word' id='word_1_172' title='bbox 1449 2263 1552 2321; x_wconf 89' lang='lat' dir='ltr'>passus</span> <span class='ocrx_word' id='word_1_173' title='bbox 1580 2264 1611 2304; x_wconf 86' lang='lat' dir='ltr'>es</span> 
     </span>
     <span class='ocr_line' id='line_1_17' title="bbox 313 2345 1608 2423; baseline 0.001 -19"><span class='ocrx_word' id='word_1_174' title='bbox 313 2362 433 2404; x_wconf 87' lang='lat' dir='ltr'>omnem</span> <span class='ocrx_word' id='word_1_175' title='bbox 455 2345 619 2404; x_wconf 82' lang='lat' dir='ltr'>Germaniae</span> <span class='ocrx_word' id='word_1_176' title='bbox 642 2345 776 2422; x_wconf 81' lang='lat' dir='ltr'>plebem,</span> <span class='ocrx_word' id='word_1_177' title='bbox 805 2345 973 2404; x_wconf 80' lang='lat' dir='ltr'>unimrsnru</span> <span class='ocrx_word' id='word_1_178' title='bbox 1004 2351 1170 2422; x_wconf 83' lang='lat' dir='ltr'>equestrem</span> <span class='ocrx_word' id='word_1_179' title='bbox 1199 2345 1348 2415; x_wconf 87' lang='lat' dir='ltr'>ordinem,</span> <span class='ocrx_word' id='word_1_180' title='bbox 1377 2364 1479 2406; x_wconf 89' lang='lat' dir='ltr'>omncs</span> <span class='ocrx_word' id='word_1_181' title='bbox 1501 2347 1608 2423; x_wconf 89' lang='lat' dir='ltr'>prinei-</span> 
     </span>
     <span class='ocr_line' id='line_1_18' title="bbox 313 2445 1679 2523; baseline 0.001 -17"><span class='ocrx_word' id='word_1_182' title='bbox 313 2462 380 2522; x_wconf 81' lang='lat' dir='ltr'>pes,</span> <span class='ocrx_word' id='word_1_183' title='bbox 410 2451 502 2504; x_wconf 87' lang='lat' dir='ltr'>totam</span> <span class='ocrx_word' id='word_1_184' title='bbox 526 2445 724 2506; x_wconf 75' lang='lat' dir='ltr'>nobilitatem?</span> <span class='ocrx_word' id='word_1_185' title='bbox 758 2447 819 2523; x_wconf 79' lang='lat' dir='ltr'>Age</span> <span class='ocrx_word' id='word_1_186' title='bbox 846 2465 917 2505; x_wconf 74' lang='lat' dir='ltr'>uero</span> <span class='ocrx_word' id='word_1_187' title='bbox 946 2464 1013 2505; x_wconf 92' lang='lat' dir='ltr'>cum</span> <span class='ocrx_word' id='word_1_188' title='bbox 1036 2447 1128 2505; x_wconf 86' lang='lat' dir='ltr'>scires</span> <span class='ocrx_word' id='word_1_189' title='bbox 1151 2465 1209 2505; x_wconf 91' lang='lat' dir='ltr'>nou</span> <span class='ocrx_word' id='word_1_190' title='bbox 1232 2448 1447 2508; x_wconf 81' lang='lat' dir='ltr'>accusationem</span> <span class='ocrx_word' id='word_1_191' title='bbox 1470 2466 1534 2506; x_wconf 86' lang='lat' dir='ltr'>csse</span> <span class='ocrx_word' id='word_1_192' title='bbox 1557 2463 1679 2511; x_wconf 75' lang='lat' dir='ltr'>rao-§.ct</span> 
     </span>
     <span class='ocr_line' id='line_1_19' title="bbox 313 2545 1612 2637; baseline 0.002 -31"><span class='ocrx_word' id='word_1_193' title='bbox 313 2553 420 2615; x_wconf 66' lang='lat' dir='ltr'>stram</span> <span class='ocrx_word' id='word_1_194' title='bbox 448 2546 501 2606; x_wconf 77' lang='lat' dir='ltr'>acet</span> <span class='ocrx_word' id='word_1_195' title='bbox 530 2546 721 2615; x_wconf 81' lang='lat' dir='ltr'>calumniam,</span> <span class='ocrx_word' id='word_1_196' title='bbox 750 2546 786 2606; x_wconf 78' lang='lat' dir='ltr'>eui</span> <span class='ocrx_word' id='word_1_197' title='bbox 808 2545 879 2606; x_wconf 74' lang='lat' dir='ltr'>anui</span> <span class='ocrx_word' id='word_1_198' title='bbox 902 2546 1090 2637; x_wconf 74' lang='lat' dir='ltr'>Maximilieni</span> <span class='ocrx_word' id='word_1_199' title='bbox 1117 2549 1256 2608; x_wconf 85' lang='lat' dir='ltr'>iudicium</span> <span class='ocrx_word' id='word_1_200' title='bbox 1280 2548 1428 2626; x_wconf 82' lang='lat' dir='ltr'>quomodo</span> <span class='ocrx_word' id='word_1_201' title='bbox 1456 2549 1612 2608; x_wconf 80' lang='lat' dir='ltr'>connivere</span> 
     </span>
     <span class='ocr_line' id='line_1_20' title="bbox 314 2647 1611 2727; baseline 0 -19"><span class='ocrx_word' id='word_1_202' title='bbox 314 2649 453 2725; x_wconf 72' lang='lat' dir='ltr'>potuisti?</span> <span class='ocrx_word' id='word_1_203' title='bbox 486 2649 556 2726; x_wconf 80' lang='lat' dir='ltr'>quid</span> <span class='ocrx_word' id='word_1_204' title='bbox 578 2666 638 2707; x_wconf 93' lang='lat' dir='ltr'>non</span> <span class='ocrx_word' id='word_1_205' title='bbox 660 2649 864 2724; x_wconf 78' lang='lat' dir='ltr'>exceptionem</span> <span class='ocrx_word' id='word_1_206' title='bbox 887 2655 956 2707; x_wconf 89' lang='lat' dir='ltr'>tunc</span> <span class='ocrx_word' id='word_1_207' title='bbox 978 2647 1097 2707; x_wconf 83' lang='lat' dir='ltr'>niolitus</span> <span class='ocrx_word' id='word_1_208' title='bbox 1120 2652 1167 2708; x_wconf 79' lang='lat' dir='ltr'>esi</span> <span class='ocrx_word' id='word_1_209' title='bbox 1201 2649 1270 2727; x_wconf 72' lang='lat' dir='ltr'>(pud</span> <span class='ocrx_word' id='word_1_210' title='bbox 1292 2668 1352 2709; x_wconf 93' lang='lat' dir='ltr'>non</span> <span class='ocrx_word' id='word_1_211' title='bbox 1375 2653 1481 2710; x_wconf 87' lang='lat' dir='ltr'>mutire</span> <span class='ocrx_word' id='word_1_212' title='bbox 1504 2649 1611 2727; x_wconf 81' lang='lat' dir='ltr'>aliquid</span> 
     </span>
     <span class='ocr_line' id='line_1_21' title="bbox 293 2747 1611 2828; baseline 0.002 -23"><span class='ocrx_word' id='word_1_213' title='bbox 293 2747 445 2817; x_wconf 67' lang='lat' dir='ltr'>cecinisti,</span> <span class='ocrx_word' id='word_1_214' title='bbox 482 2749 644 2826; x_wconf 73' lang='lat' dir='ltr'>prraesertim</span> <span class='ocrx_word' id='word_1_215' title='bbox 673 2748 750 2826; x_wconf 85' lang='lat' dir='ltr'>apud</span> <span class='ocrx_word' id='word_1_216' title='bbox 777 2749 1005 2809; x_wconf 82' lang='lat' dir='ltr'>Maximitianum</span> <span class='ocrx_word' id='word_1_217' title='bbox 1036 2751 1160 2811; x_wconf 89' lang='lat' dir='ltr'>nrnltnrn</span> <span class='ocrx_word' id='word_1_218' title='bbox 1189 2769 1256 2811; x_wconf 85' lang='lat' dir='ltr'>cunr</span> <span class='ocrx_word' id='word_1_219' title='bbox 1284 2770 1386 2827; x_wconf 85' lang='lat' dir='ltr'>posses</span> <span class='ocrx_word' id='word_1_220' title='bbox 1414 2757 1502 2828; x_wconf 87' lang='lat' dir='ltr'>atquc</span> <span class='ocrx_word' id='word_1_221' title='bbox 1529 2748 1611 2809; x_wconf 88' lang='lat' dir='ltr'>ilium</span> 
     </span>
     <span class='ocr_line' id='line_1_22' title="bbox 313 2848 1611 2929; baseline 0.001 -20"><span class='ocrx_word' id='word_1_222' title='bbox 313 2850 404 2909; x_wconf 82' lang='lat' dir='ltr'>seiros</span> <span class='ocrx_word' id='word_1_223' title='bbox 435 2869 469 2909; x_wconf 85' lang='lat' dir='ltr'>ea</span> <span class='ocrx_word' id='word_1_224' title='bbox 499 2868 564 2909; x_wconf 84' lang='lat' dir='ltr'>esse</span> <span class='ocrx_word' id='word_1_225' title='bbox 592 2848 761 2918; x_wconf 86' lang='lat' dir='ltr'>clementia,</span> <span class='ocrx_word' id='word_1_226' title='bbox 790 2856 822 2910; x_wconf 91' lang='lat' dir='ltr'>ut</span> <span class='ocrx_word' id='word_1_227' title='bbox 848 2851 872 2908; x_wconf 86' lang='lat' dir='ltr'>si</span> <span class='ocrx_word' id='word_1_228' title='bbox 900 2850 945 2910; x_wconf 80' lang='lat' dir='ltr'>vei</span> <span class='ocrx_word' id='word_1_229' title='bbox 972 2871 1027 2929; x_wconf 91' lang='lat' dir='ltr'>per</span> <span class='ocrx_word' id='word_1_230' title='bbox 1056 2858 1084 2912; x_wconf 90' lang='lat' dir='ltr'>te</span> <span class='ocrx_word' id='word_1_231' title='bbox 1111 2851 1155 2911; x_wconf 87' lang='lat' dir='ltr'>vel</span> <span class='ocrx_word' id='word_1_232' title='bbox 1183 2851 1271 2912; x_wconf 87' lang='lat' dir='ltr'>atium</span> <span class='ocrx_word' id='word_1_233' title='bbox 1294 2852 1460 2929; x_wconf 87' lang='lat' dir='ltr'>quempiam</span> <span class='ocrx_word' id='word_1_234' title='bbox 1483 2851 1611 2910; x_wconf 81' lang='lat' dir='ltr'>anonitus</span> 
     </span>
     <span class='ocr_line' id='line_1_23' title="bbox 313 2951 1610 3031; baseline 0 -20"><span class='ocrx_word' id='word_1_235' title='bbox 313 2951 415 3012; x_wconf 78' lang='lat' dir='ltr'>irnsset</span> <span class='ocrx_word' id='word_1_236' title='bbox 437 2951 595 3030; x_wconf 82' lang='lat' dir='ltr'>‹pnouuam</span> <span class='ocrx_word' id='word_1_237' title='bbox 623 2968 687 3010; x_wconf 90' lang='lat' dir='ltr'>esso</span> <span class='ocrx_word' id='word_1_238' title='bbox 717 2951 746 3009; x_wconf 92' lang='lat' dir='ltr'>in</span> <span class='ocrx_word' id='word_1_239' title='bbox 775 2958 874 3011; x_wconf 86' lang='lat' dir='ltr'>nostra</span> <span class='ocrx_word' id='word_1_240' title='bbox 903 2954 1088 3014; x_wconf 86' lang='lat' dir='ltr'>accusatione</span> <span class='ocrx_word' id='word_1_241' title='bbox 1114 2953 1191 3013; x_wconf 72' lang='lat' dir='ltr'>tretici</span> <span class='ocrx_word' id='word_1_242' title='bbox 1215 2953 1336 3031; x_wconf 81' lang='lat' dir='ltr'>perinde</span> <span class='ocrx_word' id='word_1_243' title='bbox 1358 2972 1392 3012; x_wconf 81' lang='lat' dir='ltr'>ae.</span> <span class='ocrx_word' id='word_1_244' title='bbox 1415 2971 1469 3012; x_wconf 87' lang='lat' dir='ltr'>nos</span> <span class='ocrx_word' id='word_1_245' title='bbox 1492 2951 1610 3013; x_wconf 75' lang='lat' dir='ltr'>‹tetulis-</span> 
     </span>
     <span class='ocr_line' id='line_1_24' title="bbox 312 3052 1677 3122; baseline 0 -9"><span class='ocrx_word' id='word_1_246' title='bbox 312 3071 411 3113; x_wconf 79' lang='lat' dir='ltr'>semus</span> <span class='ocrx_word' id='word_1_247' title='bbox 433 3052 594 3111; x_wconf 81' lang='lat' dir='ltr'>admissum</span> <span class='ocrx_word' id='word_1_248' title='bbox 617 3059 646 3111; x_wconf 89' lang='lat' dir='ltr'>et</span> <span class='ocrx_word' id='word_1_249' title='bbox 668 3052 792 3122; x_wconf 82' lang='lat' dir='ltr'>tectum,</span> <span class='ocrx_word' id='word_1_250' title='bbox 821 3055 863 3114; x_wconf 90' lang='lat' dir='ltr'>sic</span> <span class='ocrx_word' id='word_1_251' title='bbox 885 3054 1067 3116; x_wconf 84' lang='lat' dir='ltr'>iudicaturus</span> <span class='ocrx_word' id='word_1_252' title='bbox 1089 3058 1148 3114; x_wconf 90' lang='lat' dir='ltr'>iron</span> <span class='ocrx_word' id='word_1_253' title='bbox 1171 3056 1290 3115; x_wconf 79' lang='lat' dir='ltr'>suisset?</span> <span class='ocrx_word' id='word_1_254' title='bbox 1323 3054 1438 3115; x_wconf 79' lang='lat' dir='ltr'>Iteroca</span> <span class='ocrx_word' id='word_1_255' title='bbox 1460 3061 1557 3113; x_wconf 84' lang='lat' dir='ltr'>autern</span> <span class='ocrx_word' id='word_1_256' title='bbox 1580 3054 1677 3118; x_wconf 64' lang='lat' dir='ltr'>inan.</span> 
     </span>
     <span class='ocr_line' id='line_1_25' title="bbox 312 3154 1610 3244; baseline -0.002 -30"><span class='ocrx_word' id='word_1_257' title='bbox 312 3155 442 3214; x_wconf 76' lang='lat' dir='ltr'>smmum</span> <span class='ocrx_word' id='word_1_258' title='bbox 465 3171 553 3232; x_wconf 84' lang='lat' dir='ltr'>quarn</span> <span class='ocrx_word' id='word_1_259' title='bbox 577 3160 749 3244; x_wconf 80' lang='lat' dir='ltr'>cunctanter</span> <span class='ocrx_word' id='word_1_260' title='bbox 770 3154 841 3214; x_wconf 83' lang='lat' dir='ltr'>iton</span> <span class='ocrx_word' id='word_1_261' title='bbox 864 3159 1041 3232; x_wconf 89' lang='lat' dir='ltr'>processerit</span> <span class='ocrx_word' id='word_1_262' title='bbox 1062 3157 1201 3215; x_wconf 84' lang='lat' dir='ltr'>iruiiciunr</span> <span class='ocrx_word' id='word_1_263' title='bbox 1230 3163 1259 3215; x_wconf 89' lang='lat' dir='ltr'>et</span> <span class='ocrx_word' id='word_1_264' title='bbox 1284 3156 1363 3233; x_wconf 84' lang='lat' dir='ltr'>quod</span> <span class='ocrx_word' id='word_1_265' title='bbox 1385 3174 1439 3214; x_wconf 86' lang='lat' dir='ltr'>nos</span> <span class='ocrx_word' id='word_1_266' title='bbox 1462 3154 1540 3213; x_wconf 89' lang='lat' dir='ltr'>illarn</span> <span class='ocrx_word' id='word_1_267' title='bbox 1563 3155 1610 3212; x_wconf 81' lang='lat' dir='ltr'>rix</span> 
     </span>
     <span class='ocr_line' id='line_1_26' title="bbox 294 3254 1609 3334; baseline -0.001 -18"><span class='ocrx_word' id='word_1_268' title='bbox 294 3254 373 3316; x_wconf 59' lang='lat' dir='ltr'>exv,</span> <span class='ocrx_word' id='word_1_269' title='bbox 396 3262 465 3334; x_wconf 84' lang='lat' dir='ltr'>post</span> <span class='ocrx_word' id='word_1_270' title='bbox 488 3256 601 3316; x_wconf 85' lang='lat' dir='ltr'>iacturu-</span> <span class='ocrx_word' id='word_1_271' title='bbox 619 3275 721 3317; x_wconf 88' lang='lat' dir='ltr'>mense</span> <span class='ocrx_word' id='word_1_272' title='bbox 742 3258 916 3317; x_wconf 85' lang='lat' dir='ltr'>sententiam</span> <span class='ocrx_word' id='word_1_273' title='bbox 940 3259 1159 3318; x_wconf 76' lang='lat' dir='ltr'>extorserimus.</span> <span class='ocrx_word' id='word_1_274' title='bbox 1204 3257 1237 3317; x_wconf 84' lang='lat' dir='ltr'>ln</span> <span class='ocrx_word' id='word_1_275' title='bbox 1259 3265 1339 3317; x_wconf 90' lang='lat' dir='ltr'>tanto</span> <span class='ocrx_word' id='word_1_276' title='bbox 1363 3256 1527 3324; x_wconf 81' lang='lat' dir='ltr'>interuallo,</span> <span class='ocrx_word' id='word_1_277' title='bbox 1550 3264 1609 3315; x_wconf 82' lang='lat' dir='ltr'>tarn</span> 
     </span>
     <span class='ocr_line' id='line_1_27' title="bbox 313 3344 1609 3426; baseline -0.001 -9"><span class='ocrx_word' id='word_1_278' title='bbox 313 3357 451 3418; x_wconf 85' lang='lat' dir='ltr'>diuturna</span> <span class='ocrx_word' id='word_1_279' title='bbox 480 3358 666 3417; x_wconf 82' lang='lat' dir='ltr'>cunctatione</span> <span class='ocrx_word' id='word_1_280' title='bbox 696 3375 754 3417; x_wconf 91' lang='lat' dir='ltr'>non</span> <span class='ocrx_word' id='word_1_281' title='bbox 783 3358 836 3418; x_wconf 83' lang='lat' dir='ltr'>tuit</span> <span class='ocrx_word' id='word_1_282' title='bbox 861 3344 945 3419; x_wconf 78' lang='lat' dir='ltr'>tocius</span> <span class='ocrx_word' id='word_1_283' title='bbox 967 3360 1019 3419; x_wconf 79' lang='lat' dir='ltr'>tibi</span> <span class='ocrx_word' id='word_1_284' title='bbox 1043 3360 1260 3419; x_wconf 77' lang='lat' dir='ltr'>intercedenti?</span> <span class='ocrx_word' id='word_1_285' title='bbox 1292 3359 1328 3418; x_wconf 84' lang='lat' dir='ltr'>At</span> <span class='ocrx_word' id='word_1_286' title='bbox 1352 3360 1455 3418; x_wconf 85' lang='lat' dir='ltr'>timore</span> <span class='ocrx_word' id='word_1_287' title='bbox 1479 3359 1609 3426; x_wconf 71' lang='lat' dir='ltr'>(laeseris,</span> 
     </span>
     <span class='ocr_line' id='line_1_28' title="bbox 313 3458 1609 3536; baseline 0 -18"><span class='ocrx_word' id='word_1_288' title='bbox 313 3477 350 3518; x_wconf 88' lang='lat' dir='ltr'>ne</span> <span class='ocrx_word' id='word_1_289' title='bbox 377 3458 560 3526; x_wconf 75' lang='lat' dir='ltr'>offenderes,</span> <span class='ocrx_word' id='word_1_290' title='bbox 590 3459 753 3519; x_wconf 85' lang='lat' dir='ltr'>substitisti.</span> <span class='ocrx_word' id='word_1_291' title='bbox 799 3459 835 3517; x_wconf 75' lang='lat' dir='ltr'>Aa</span> <span class='ocrx_word' id='word_1_292' title='bbox 863 3459 943 3520; x_wconf 79' lang='lat' dir='ltr'>illurn</span> <span class='ocrx_word' id='word_1_293' title='bbox 974 3463 1108 3520; x_wconf 88' lang='lat' dir='ltr'>timorem</span> <span class='ocrx_word' id='word_1_294' title='bbox 1140 3479 1200 3519; x_wconf 79' lang='lat' dir='ltr'>nem</span> <span class='ocrx_word' id='word_1_295' title='bbox 1227 3461 1332 3536; x_wconf 89' lang='lat' dir='ltr'>recipit</span> <span class='ocrx_word' id='word_1_296' title='bbox 1364 3461 1427 3520; x_wconf 77' lang='lat' dir='ltr'>haec</span> <span class='ocrx_word' id='word_1_297' title='bbox 1459 3460 1609 3525; x_wconf 83' lang='lat' dir='ltr'>fortitudo,</span> 
     </span>
     <span class='ocr_line' id='line_1_29' title="bbox 313 3559 1608 3639; baseline -0.002 -19"><span class='ocrx_word' id='word_1_298' title='bbox 313 3578 369 3639; x_wconf 83' lang='lat' dir='ltr'>qna</span> <span class='ocrx_word' id='word_1_299' title='bbox 391 3577 482 3637; x_wconf 79' lang='lat' dir='ltr'>agere</span> <span class='ocrx_word' id='word_1_300' title='bbox 505 3561 602 3619; x_wconf 84' lang='lat' dir='ltr'>omma</span> <span class='ocrx_word' id='word_1_301' title='bbox 624 3562 721 3638; x_wconf 91' lang='lat' dir='ltr'>putari</span> <span class='ocrx_word' id='word_1_302' title='bbox 744 3562 794 3620; x_wconf 78' lang='lat' dir='ltr'>vie.</span> <span class='ocrx_word' id='word_1_303' title='bbox 839 3580 895 3621; x_wconf 89' lang='lat' dir='ltr'>nec</span> <span class='ocrx_word' id='word_1_304' title='bbox 916 3562 969 3621; x_wconf 85' lang='lat' dir='ltr'>tihi</span> <span class='ocrx_word' id='word_1_305' title='bbox 992 3562 1144 3622; x_wconf 86' lang='lat' dir='ltr'>consilium</span> <span class='ocrx_word' id='word_1_306' title='bbox 1167 3562 1272 3629; x_wconf 82' lang='lat' dir='ltr'>detuit,</span> <span class='ocrx_word' id='word_1_307' title='bbox 1302 3563 1326 3620; x_wconf 89' lang='lat' dir='ltr'>si</span> <span class='ocrx_word' id='word_1_308' title='bbox 1354 3562 1523 3629; x_wconf 86' lang='lat' dir='ltr'>ructuisses,</span> <span class='ocrx_word' id='word_1_309' title='bbox 1553 3559 1608 3619; x_wconf 86' lang='lat' dir='ltr'>sai-</span> 
     </span>
     <span class='ocr_line' id='line_1_30' title="bbox 313 3660 1608 3741; baseline -0.002 -19"><span class='ocrx_word' id='word_1_310' title='bbox 313 3667 371 3722; x_wconf 74' lang='lat' dir='ltr'>tem</span> <span class='ocrx_word' id='word_1_311' title='bbox 395 3663 493 3738; x_wconf 88' lang='lat' dir='ltr'>ipsum</span> <span class='ocrx_word' id='word_1_312' title='bbox 515 3679 705 3721; x_wconf 88' lang='lat' dir='ltr'>commonere</span> <span class='ocrx_word' id='word_1_313' title='bbox 727 3660 927 3728; x_wconf 82' lang='lat' dir='ltr'>Pirataririern,</span> <span class='ocrx_word' id='word_1_314' title='bbox 956 3681 1015 3741; x_wconf 87' lang='lat' dir='ltr'>quo</span> <span class='ocrx_word' id='word_1_315' title='bbox 1043 3683 1097 3723; x_wconf 88' lang='lat' dir='ltr'>suo</span> <span class='ocrx_word' id='word_1_316' title='bbox 1128 3666 1192 3723; x_wconf 91' lang='lat' dir='ltr'>iure</span> <span class='ocrx_word' id='word_1_317' title='bbox 1219 3681 1307 3741; x_wconf 81' lang='lat' dir='ltr'>qumn</span> <span class='ocrx_word' id='word_1_318' title='bbox 1336 3664 1535 3723; x_wconf 79' lang='lat' dir='ltr'>defensionem</span> <span class='ocrx_word' id='word_1_319' title='bbox 1566 3663 1608 3719; x_wconf 87' lang='lat' dir='ltr'>in·</span> 
     </span>
     <span class='ocr_line' id='line_1_31' title="bbox 294 3761 1677 3843; baseline 0.004 -21"><span class='ocrx_word' id='word_1_320' title='bbox 294 3770 449 3823; x_wconf 79' lang='lat' dir='ltr'>ostrimret.</span> <span class='ocrx_word' id='word_1_321' title='bbox 487 3763 531 3821; x_wconf 76' lang='lat' dir='ltr'>An</span> <span class='ocrx_word' id='word_1_322' title='bbox 555 3768 584 3822; x_wconf 91' lang='lat' dir='ltr'>tu</span> <span class='ocrx_word' id='word_1_323' title='bbox 607 3761 704 3840; x_wconf 84' lang='lat' dir='ltr'>aliqua</span> <span class='ocrx_word' id='word_1_324' title='bbox 726 3781 794 3822; x_wconf 87' lang='lat' dir='ltr'>cera</span> <span class='ocrx_word' id='word_1_325' title='bbox 817 3764 990 3824; x_wconf 84' lang='lat' dir='ltr'>obtinuatas</span> <span class='ocrx_word' id='word_1_326' title='bbox 1013 3765 1141 3825; x_wconf 80' lang='lat' dir='ltr'>iratrehas</span> <span class='ocrx_word' id='word_1_327' title='bbox 1162 3784 1264 3833; x_wconf 89' lang='lat' dir='ltr'>aures,</span> <span class='ocrx_word' id='word_1_328' title='bbox 1289 3783 1354 3824; x_wconf 89' lang='lat' dir='ltr'>curn</span> <span class='ocrx_word' id='word_1_329' title='bbox 1378 3765 1677 3843; x_wconf 62' lang='lat' dir='ltr'>proclamareturaas,</span> 
     </span>
     <span class='ocr_line' id='line_1_32' title="bbox 313 3863 1609 3944; baseline -0.002 -20"><span class='ocrx_word' id='word_1_330' title='bbox 313 3865 468 3942; x_wconf 70' lang='lat' dir='ltr'>Auguste,</span> <span class='ocrx_word' id='word_1_331' title='bbox 496 3864 588 3941; x_wconf 79' lang='lat' dir='ltr'>siquis</span> <span class='ocrx_word' id='word_1_332' title='bbox 609 3865 684 3923; x_wconf 89' lang='lat' dir='ltr'>inire</span> <span class='ocrx_word' id='word_1_333' title='bbox 707 3863 907 3924; x_wconf 76' lang='lat' dir='ltr'>defensionem</span> <span class='ocrx_word' id='word_1_334' title='bbox 930 3864 1007 3925; x_wconf 85' lang='lat' dir='ltr'>illius</span> <span class='ocrx_word' id='word_1_335' title='bbox 1031 3866 1128 3935; x_wconf 71' lang='lat' dir='ltr'>vetitet,</span> <span class='ocrx_word' id='word_1_336' title='bbox 1156 3866 1260 3933; x_wconf 84' lang='lat' dir='ltr'>iiccrc3</span> <span class='ocrx_word' id='word_1_337' title='bbox 1295 3872 1382 3944; x_wconf 79' lang='lat' dir='ltr'>atipre</span> <span class='ocrx_word' id='word_1_338' title='bbox 1405 3867 1461 3926; x_wconf 84' lang='lat' dir='ltr'>troc</span> <span class='ocrx_word' id='word_1_339' title='bbox 1484 3866 1533 3944; x_wconf 88' lang='lat' dir='ltr'>qui</span> <span class='ocrx_word' id='word_1_340' title='bbox 1556 3866 1609 3941; x_wconf 80' lang='lat' dir='ltr'>ipsi</span> 
     </span>
     <span class='ocr_line' id='line_1_33' title="bbox 313 3963 1609 4044; baseline -0.002 -19"><span class='ocrx_word' id='word_1_341' title='bbox 313 3963 490 4025; x_wconf 81' lang='lat' dir='ltr'>araneetiis</span> <span class='ocrx_word' id='word_1_342' title='bbox 513 3972 583 4024; x_wconf 92' lang='lat' dir='ltr'>tunc</span> <span class='ocrx_word' id='word_1_343' title='bbox 605 3972 682 4034; x_wconf 84' lang='lat' dir='ltr'>crat,</span> <span class='ocrx_word' id='word_1_344' title='bbox 710 3973 741 4025; x_wconf 92' lang='lat' dir='ltr'>ut</span> <span class='ocrx_word' id='word_1_345' title='bbox 764 3966 873 4042; x_wconf 86' lang='lat' dir='ltr'>potuit,</span> <span class='ocrx_word' id='word_1_346' title='bbox 897 3967 1025 4026; x_wconf 80' lang='lat' dir='ltr'>t&#39;aeeret‘t</span> <span class='ocrx_word' id='word_1_347' title='bbox 1059 3967 1112 4025; x_wconf 86' lang='lat' dir='ltr'>Vbi</span> <span class='ocrx_word' id='word_1_348' title='bbox 1136 3974 1165 4026; x_wconf 91' lang='lat' dir='ltr'>tu</span> <span class='ocrx_word' id='word_1_349' title='bbox 1189 3967 1238 4026; x_wconf 85' lang='lat' dir='ltr'>ino</span> <span class='ocrx_word' id='word_1_350' title='bbox 1260 3975 1408 4044; x_wconf 87' lang='lat' dir='ltr'>ternpore,</span> <span class='ocrx_word' id='word_1_351' title='bbox 1438 3967 1507 4044; x_wconf 80' lang='lat' dir='ltr'>(pud</span> <span class='ocrx_word' id='word_1_352' title='bbox 1530 3983 1609 4025; x_wconf 89' lang='lat' dir='ltr'>mus-</span> 
     </span>
     <span class='ocr_line' id='line_1_34' title="bbox 312 4065 1610 4146; baseline -0.003 -19"><span class='ocrx_word' id='word_1_353' title='bbox 312 4066 435 4133; x_wconf 81' lang='lat' dir='ltr'>sitabas.</span> <span class='ocrx_word' id='word_1_354' title='bbox 459 4066 530 4144; x_wconf 85' lang='lat' dir='ltr'>qnid</span> <span class='ocrx_word' id='word_1_355' title='bbox 552 4065 699 4126; x_wconf 70' lang='lat' dir='ltr'>audebas?</span> <span class='ocrx_word' id='word_1_356' title='bbox 728 4074 794 4144; x_wconf 69' lang='lat' dir='ltr'>{rost</span> <span class='ocrx_word' id='word_1_357' title='bbox 816 4086 881 4144; x_wconf 77' lang='lat' dir='ltr'>quae</span> <span class='ocrx_word' id='word_1_358' title='bbox 905 4068 1046 4145; x_wconf 84' lang='lat' dir='ltr'>principia</span> <span class='ocrx_word' id='word_1_359' title='bbox 1069 4069 1147 4146; x_wconf 82' lang='lat' dir='ltr'>qrrod</span> <span class='ocrx_word' id='word_1_360' title='bbox 1171 4070 1342 4146; x_wconf 72' lang='lat' dir='ltr'>[irrgnatnris</span> <span class='ocrx_word' id='word_1_361' title='bbox 1364 4069 1480 4145; x_wconf 84' lang='lat' dir='ltr'>signum</span> <span class='ocrx_word' id='word_1_362' title='bbox 1501 4066 1610 4125; x_wconf 80' lang='lat' dir='ltr'>dahas?</span> 
     </span>
     <span class='ocr_line' id='line_1_35' title="bbox 314 4167 1608 4244; baseline -0.006 -15"><span class='ocrx_word' id='word_1_363' title='bbox 314 4175 384 4229; x_wconf 86' lang='lat' dir='ltr'>tunc</span> <span class='ocrx_word' id='word_1_364' title='bbox 412 4167 490 4228; x_wconf 86' lang='lat' dir='ltr'>iliius</span> <span class='ocrx_word' id='word_1_365' title='bbox 518 4168 692 4227; x_wconf 78' lang='lat' dir='ltr'>innocentiae</span> <span class='ocrx_word' id='word_1_366' title='bbox 721 4187 779 4227; x_wconf 95' lang='lat' dir='ltr'>non</span> <span class='ocrx_word' id='word_1_367' title='bbox 808 4168 942 4228; x_wconf 76' lang='lat' dir='ltr'>ueniebat</span> <span class='ocrx_word' id='word_1_368' title='bbox 970 4172 999 4229; x_wconf 95' lang='lat' dir='ltr'>in</span> <span class='ocrx_word' id='word_1_369' title='bbox 1021 4177 1150 4230; x_wconf 80' lang='lat' dir='ltr'>trientem</span> <span class='ocrx_word' id='word_1_370' title='bbox 1172 4170 1242 4229; x_wconf 76' lang='lat' dir='ltr'>tibi?</span> <span class='ocrx_word' id='word_1_371' title='bbox 1275 4188 1329 4229; x_wconf 89' lang='lat' dir='ltr'>nec</span> <span class='ocrx_word' id='word_1_372' title='bbox 1351 4170 1380 4227; x_wconf 91' lang='lat' dir='ltr'>in</span> <span class='ocrx_word' id='word_1_373' title='bbox 1402 4176 1536 4244; x_wconf 86' lang='lat' dir='ltr'>ternpore</span> <span class='ocrx_word' id='word_1_374' title='bbox 1559 4184 1608 4222; x_wconf 81' lang='lat' dir='ltr'>ro·</span> 
     </span>
     <span class='ocr_line' id='line_1_36' title="bbox 293 4254 1608 4349; baseline -0.002 -22"><span class='ocrx_word' id='word_1_375' title='bbox 293 4268 393 4330; x_wconf 82' lang='lat' dir='ltr'>aluisti</span> <span class='ocrx_word' id='word_1_376' title='bbox 415 4270 515 4346; x_wconf 87' lang='lat' dir='ltr'>potius</span> <span class='ocrx_word' id='word_1_377' title='bbox 537 4254 623 4346; x_wconf 86' lang='lat' dir='ltr'>opem</span> <span class='ocrx_word' id='word_1_378' title='bbox 645 4270 723 4329; x_wconf 87' lang='lat' dir='ltr'>serre</span> <span class='ocrx_word' id='word_1_379' title='bbox 746 4276 773 4329; x_wconf 93' lang='lat' dir='ltr'>et</span> <span class='ocrx_word' id='word_1_380' title='bbox 797 4270 873 4329; x_wconf 77' lang='lat' dir='ltr'>tacto</span> <span class='ocrx_word' id='word_1_381' title='bbox 896 4272 1095 4339; x_wconf 78' lang='lat' dir='ltr'>intercedere,</span> <span class='ocrx_word' id='word_1_382' title='bbox 1126 4289 1213 4349; x_wconf 87' lang='lat' dir='ltr'>quam</span> <span class='ocrx_word' id='word_1_383' title='bbox 1243 4270 1404 4347; x_wconf 77' lang='lat' dir='ltr'>profligatis</span> <span class='ocrx_word' id='word_1_384' title='bbox 1431 4271 1488 4327; x_wconf 87' lang='lat' dir='ltr'>iam</span> <span class='ocrx_word' id='word_1_385' title='bbox 1517 4267 1608 4343; x_wconf 89' lang='lat' dir='ltr'>copiis</span> 
     </span>
     <span class='ocr_line' id='line_1_37' title="bbox 313 4369 1607 4450; baseline -0.005 -18"><span class='ocrx_word' id='word_1_386' title='bbox 313 4377 342 4432; x_wconf 81' lang='lat' dir='ltr'>et</span> <span class='ocrx_word' id='word_1_387' title='bbox 361 4370 477 4450; x_wconf 80' lang='lat' dir='ltr'>perdita</span> <span class='ocrx_word' id='word_1_388' title='bbox 501 4388 534 4430; x_wconf 85' lang='lat' dir='ltr'>re</span> <span class='ocrx_word' id='word_1_389' title='bbox 557 4369 665 4430; x_wconf 86' lang='lat' dir='ltr'>bellum</span> <span class='ocrx_word' id='word_1_390' title='bbox 690 4388 843 4448; x_wconf 85' lang='lat' dir='ltr'>reparare,</span> <span class='ocrx_word' id='word_1_391' title='bbox 866 4390 958 4431; x_wconf 82' lang='lat' dir='ltr'>noros</span> <span class='ocrx_word' id='word_1_392' title='bbox 981 4371 1122 4432; x_wconf 88' lang='lat' dir='ltr'>tnnnrltus</span> <span class='ocrx_word' id='word_1_393' title='bbox 1144 4371 1296 4437; x_wconf 80' lang='lat' dir='ltr'>invehere,</span> <span class='ocrx_word' id='word_1_394' title='bbox 1320 4388 1410 4429; x_wconf 80' lang='lat' dir='ltr'>noros</span> <span class='ocrx_word' id='word_1_395' title='bbox 1426 4376 1522 4428; x_wconf 85' lang='lat' dir='ltr'>motus</span> <span class='ocrx_word' id='word_1_396' title='bbox 1538 4386 1607 4426; x_wconf 88' lang='lat' dir='ltr'>con-</span> 
     </span>
    </p>
   </div>
   <div class='ocr_carea' id='block_1_3' title="bbox 312 4621 1605 5029">
    <p class='ocr_par' dir='ltr' id='par_1_3' title="bbox 312 4621 1605 5029">
     <span class='ocr_line' id='line_1_38' title="bbox 377 4621 1604 4689; baseline -0.004 -15"><span class='ocrx_word' id='word_1_397' title='bbox 377 4621 525 4674; x_wconf 71' lang='lat' dir='ltr'>&#39;‘tueraris</span> <span class='ocrx_word' id='word_1_398' title='bbox 544 4624 569 4672; x_wconf 82' lang='lat'>1.</span> <span class='ocrx_word' id='word_1_399' title='bbox 638 4622 739 4673; x_wconf 70' lang='lat' dir='ltr'>&#39;Mam</span> <span class='ocrx_word' id='word_1_400' title='bbox 754 4622 835 4689; x_wconf 44' lang='lat' dir='ltr'>sento]</span> <span class='ocrx_word' id='word_1_401' title='bbox 856 4624 1072 4674; x_wconf 69' lang='lat' dir='ltr'>couventionem</span> <span class='ocrx_word' id='word_1_402' title='bbox 1090 4623 1280 4686; x_wconf 70' lang='lat' dir='ltr'>Arrgusteuem</span> <span class='ocrx_word' id='word_1_403' title='bbox 1299 4621 1506 4685; x_wconf 83' lang='lat' dir='ltr'>(o.Bia11beur.)</span> <span class='ocrx_word' id='word_1_404' title='bbox 1525 4621 1549 4671; x_wconf 85' lang='lat' dir='ltr'>d.</span> <span class='ocrx_word' id='word_1_405' title='bbox 1563 4622 1604 4670; x_wconf 74' lang='lat' dir='ltr'>tt.</span> 
     </span>
     <span class='ocr_line' id='line_1_39' title="bbox 312 4706 1605 4773; baseline -0.003 -15"><span class='ocrx_word' id='word_1_406' title='bbox 312 4708 372 4759; x_wconf 80' lang='lat' dir='ltr'>Oct.</span> <span class='ocrx_word' id='word_1_407' title='bbox 388 4707 464 4759; x_wconf 72' lang='lat'>1516,</span> <span class='ocrx_word' id='word_1_408' title='bbox 478 4708 515 4773; x_wconf 92' lang='lat' dir='ltr'>(p.</span> <span class='ocrx_word' id='word_1_409' title='bbox 528 4708 570 4757; x_wconf 84' lang='lat'>87.</span> <span class='ocrx_word' id='word_1_410' title='bbox 585 4723 643 4773; x_wconf 86' lang='lat' dir='ltr'>sqq.</span> <span class='ocrx_word' id='word_1_411' title='bbox 664 4708 827 4772; x_wconf 79' lang='lat' dir='ltr'>exhibitam)</span> <span class='ocrx_word' id='word_1_412' title='bbox 845 4710 917 4769; x_wconf 84' lang='lat' dir='ltr'>vuit,</span> <span class='ocrx_word' id='word_1_413' title='bbox 938 4724 992 4772; x_wconf 69' lang='lat' dir='ltr'>(prin</span> <span class='ocrx_word' id='word_1_414' title='bbox 1011 4707 1074 4757; x_wconf 74' lang='lat' dir='ltr'>cinci</span> <span class='ocrx_word' id='word_1_415' title='bbox 1093 4707 1187 4757; x_wconf 54' lang='lat' dir='ltr'>[Virioo</span> <span class='ocrx_word' id='word_1_416' title='bbox 1201 4709 1228 4756; x_wconf 92' lang='lat' dir='ltr'>in</span> <span class='ocrx_word' id='word_1_417' title='bbox 1241 4708 1400 4758; x_wconf 81' lang='lat' dir='ltr'>sexennium</span> <span class='ocrx_word' id='word_1_418' title='bbox 1414 4722 1503 4755; x_wconf 88' lang='lat' dir='ltr'>rerum</span> <span class='ocrx_word' id='word_1_419' title='bbox 1516 4706 1605 4771; x_wconf 89' lang='lat' dir='ltr'>publi-</span> 
     </span>
     <span class='ocr_line' id='line_1_40' title="bbox 313 4791 1605 4858; baseline -0.003 -15"><span class='ocrx_word' id='word_1_420' title='bbox 313 4809 404 4843; x_wconf 65' lang='lat' dir='ltr'>etrum</span> <span class='ocrx_word' id='word_1_421' title='bbox 414 4792 599 4858; x_wconf 73' lang='lat' dir='ltr'>regendorum</span> <span class='ocrx_word' id='word_1_422' title='bbox 610 4794 652 4842; x_wconf 74' lang='lat' dir='ltr'>ius</span> <span class='ocrx_word' id='word_1_423' title='bbox 663 4794 819 4858; x_wconf 83' lang='lat' dir='ltr'>ademptum</span> <span class='ocrx_word' id='word_1_424' title='bbox 831 4800 880 4842; x_wconf 88' lang='lat' dir='ltr'>cst.</span> <span class='ocrx_word' id='word_1_425' title='bbox 896 4794 932 4842; x_wconf 85' lang='lat' dir='ltr'>ct&#39;.</span> <span class='ocrx_word' id='word_1_426' title='bbox 941 4794 1020 4855; x_wconf 56' lang='lat' dir='ltr'>Hesp-t</span> <span class='ocrx_word' id='word_1_427' title='bbox 1033 4792 1089 4841; x_wconf 82' lang='lat' dir='ltr'>t&#39;rr.</span> <span class='ocrx_word' id='word_1_428' title='bbox 1100 4794 1162 4856; x_wconf 78' lang='lat' dir='ltr'>Hzg</span> <span class='ocrx_word' id='word_1_429' title='bbox 1175 4809 1207 4841; x_wconf 82' lang='lat' dir='ltr'>zu</span> <span class='ocrx_word' id='word_1_430' title='bbox 1219 4793 1383 4841; x_wconf 81' lang='lat' dir='ltr'>Wiirtteinb.</span> <span class='ocrx_word' id='word_1_431' title='bbox 1400 4792 1418 4840; x_wconf 93' lang='lat' dir='ltr'>l.</span> <span class='ocrx_word' id='word_1_432' title='bbox 1433 4809 1458 4856; x_wconf 88' lang='lat' dir='ltr'>p.</span> <span class='ocrx_word' id='word_1_433' title='bbox 1467 4791 1605 4840; x_wconf 75' lang='lat' dir='ltr'>·171...tt:3.</span> 
     </span>
     <span class='ocr_line' id='line_1_41' title="bbox 313 4875 1605 4943; baseline -0.003 -15"><span class='ocrx_word' id='word_1_434' title='bbox 313 4876 333 4910; x_wconf 84' lang='lat'>¹⁸</span> <span class='ocrx_word' id='word_1_435' title='bbox 350 4880 396 4943; x_wconf 85' lang='lat' dir='ltr'>qui</span> <span class='ocrx_word' id='word_1_436' title='bbox 411 4880 435 4926; x_wconf 82' lang='lat'>1.</span> <span class='ocrx_word' id='word_1_437' title='bbox 460 4891 543 4942; x_wconf 82' lang='lat' dir='ltr'>quam</span> <span class='ocrx_word' id='word_1_438' title='bbox 560 4894 630 4928; x_wconf 84' lang='lat' dir='ltr'>corr.</span> <span class='ocrx_word' id='word_1_439' title='bbox 649 4879 719 4936; x_wconf 71' lang='lat' dir='ltr'>lta.</span> <span class='ocrx_word' id='word_1_440' title='bbox 739 4882 766 4936; x_wconf 83' lang='lat' dir='ltr'>(i.</span> <span class='ocrx_word' id='word_1_441' title='bbox 780 4896 802 4928; x_wconf 85' lang='lat' dir='ltr'>e.</span> <span class='ocrx_word' id='word_1_442' title='bbox 823 4894 904 4943; x_wconf 84' lang='lat' dir='ltr'>quum</span> <span class='ocrx_word' id='word_1_443' title='bbox 917 4877 1083 4943; x_wconf 80' lang='lat' dir='ltr'>periculose)</span> <span class='ocrx_word' id='word_1_444' title='bbox 1155 4875 1174 4908; x_wconf 73' lang='lat'>¹⁴</span> <span class='ocrx_word' id='word_1_445' title='bbox 1193 4878 1261 4926; x_wconf 85' lang='lat' dir='ltr'>sinis</span> <span class='ocrx_word' id='word_1_446' title='bbox 1280 4880 1303 4926; x_wconf 77' lang='lat'>1,</span> <span class='ocrx_word' id='word_1_447' title='bbox 1340 4879 1417 4927; x_wconf 82' lang='lat' dir='ltr'>aines</span> <span class='ocrx_word' id='word_1_448' title='bbox 1440 4894 1509 4926; x_wconf 83' lang='lat' dir='ltr'>corr.</span> <span class='ocrx_word' id='word_1_449' title='bbox 1530 4877 1605 4926; x_wconf 87' lang='grc' dir='ltr'><em>ΙΙ.2.</em></span> 
     </span>
     <span class='ocr_line' id='line_1_42' title="bbox 312 4958 1436 5029; baseline -0.004 -15"><span class='ocrx_word' id='word_1_450' title='bbox 312 4958 493 5029; x_wconf 70' lang='lat' dir='ltr'>”quidquam</span> <span class='ocrx_word' id='word_1_451' title='bbox 506 4964 532 5011; x_wconf 83' lang='lat'>2.</span> <span class='ocrx_word' id='word_1_452' title='bbox 585 4961 607 4994; x_wconf 78' lang='lat'>¹³</span> <span class='ocrx_word' id='word_1_453' title='bbox 625 4963 712 5013; x_wconf 82' lang='lat' dir='ltr'>fuerit</span> <span class='ocrx_word' id='word_1_454' title='bbox 726 4966 749 5014; x_wconf 86' lang='lat'>1.</span> <span class='ocrx_word' id='word_1_455' title='bbox 802 4962 825 4994; x_wconf 68' lang='lat'>²⁷³</span> <span class='ocrx_word' id='word_1_456' title='bbox 844 4963 1018 5028; x_wconf 81' lang='lat' dir='ltr'>quindecimo</span> <span class='ocrx_word' id='word_1_457' title='bbox 1032 4965 1057 5010; x_wconf 88' lang='lat'>2.</span> <span class='ocrx_word' id='word_1_458' title='bbox 1109 4960 1131 4992; x_wconf 80' lang='lat'>²⁷</span> <span class='ocrx_word' id='word_1_459' title='bbox 1149 4962 1328 5012; x_wconf 80' lang='lat' dir='ltr'>sribstituisti.</span> <span class='ocrx_word' id='word_1_460' title='bbox 1351 4964 1392 5013; x_wconf 80' lang='lat' dir='ltr'>Ad</span> <span class='ocrx_word' id='word_1_461' title='bbox 1411 4965 1436 5011; x_wconf 85' lang='lat'>2.</span> 
     </span>
    </p>
   </div>
   <div class='ocr_carea' id='block_1_4' title="bbox 0 0 1964 5950">
    <p class='ocr_par' dir='ltr' id='par_1_4' title="bbox 0 0 1964 5950">
     <span class='ocr_line' id='line_1_43' title="bbox 0 0 1964 5950; baseline 0 0"><span class='ocrx_word' id='word_1_462' title='bbox 0 0 1964 5950; x_wconf 95' lang='lat' dir='ltr'> </span> 
     </span>
    </p>
   </div>
  </div>
 </body>
</html>
