3917 5950
359 633 433 706 224
616 645 697 695 XCV.
718 659 840 695 avarem
853 659 890 694 sn
904 659 983 695 earn.
998 659 1098 697 arcrru
1112 662 1154 697 ae.
1174 661 1200 696 u.
1214 655 1247 696 13.
1262 660 1325 697 κον.
1341 656 1399 698 tata.

358 839 417 880 nou
441 819 508 898 cruia
532 816 619 875 nolim
643 814 686 874 rel
711 814 893 875 cucurbitam
915 813 1050 882 laudare.
1080 819 1104 877 si
1132 824 1162 877 tn
1191 818 1335 894 postules,
1366 825 1416 878 aut
1439 817 1487 877 ille
1511 837 1571 877 nou
1592 837 1647 878 rue-

358 929 474 987 reatur;
498 917 548 978 sed
572 919 638 995 rpria
662 918 807 994 ingratum
831 916 870 976 illi
894 917 1025 977 futurum
1041 920 1101 977 scio
1116 937 1132 976 a
1149 937 1196 977 ure
1212 920 1350 998 quicquid
1366 922 1530 997 acceperim
1555 923 1647 979 nescio

354 1040 415 1102 qua
438 1027 488 1080 aut
508 1018 585 1078 illius
607 1019 743 1093 opinione
766 1027 816 1077 aut
838 1037 901 1077 urea
923 1019 1050 1079 fortuna.
1095 1022 1173 1088 scio,
1199 1039 1257 1081 non
1274 1021 1357 1081 facile
1374 1021 1471 1081 credis
1487 1021 1566 1099 quod
1583 1025 1648 1080 scri-

265 1142 268 1147 ·
358 1123 441 1184 bam:
465 1120 542 1181 soles
563 1127 594 1179 tu
618 1120 695 1178 euim
718 1119 816 1178 dicere
838 1118 936 1178 literas
959 1139 1058 1179 amare
1081 1120 1162 1181 illum
1186 1129 1215 1181 et
1236 1124 1351 1200 ingenia
1381 1121 1553 1199 complecti:
1582 1125 1648 1182 scri-

253 1266 259 1277 .
303 1224 427 1285 tabam
443 1232 556 1289 lernen,
581 1229 622 1288 et,
647 1222 700 1279 uisi
723 1223 820 1279 onmia
843 1220 957 1289 lallant,
982 1223 1166 1298 persuadebo
1190 1226 1285 1283 etiam.
1320 1224 1404 1283 duno
1428 1222 1537 1282 aldrino.
1560 1231 1669 1290 sextat

357 1345 424 1386 cum
447 1325 586 1384 ltononiao
607 1322 798 1381 selrolasticns
819 1340 953 1398 agerem,
985 1331 1071 1401 atque
1093 1323 1141 1383 ille
1162 1323 1275 1402 legatus
1303 1325 1337 1384 ad
1361 1323 1466 1384 lulium
1489 1325 1648 1384 secuudum
1692 1391 1693 1394 Ἴ

356 1427 478 1486 Caesaris
501 1422 686 1483 blasianiliani
710 1430 799 1490 esset,
835 1431 863 1482 et
885 1426 914 1482 in
937 1444 972 1484 eo
995 1426 1099 1485 itinere
1122 1425 1286 1486 Bononiam
1311 1428 1495 1494 accessisset,
1531 1434 1649 1503 rogatus

356 1547 422 1589 sum
444 1546 459 1586 a
484 1526 637 1586 Germanis
660 1524 713 1592 ibi,
738 1525 973 1603 quandoquidem
998 1526 1176 1587 carminibus
1199 1536 1227 1586 et
1251 1527 1431 1587 orationibus
1458 1536 1648 1587 occurrerent

357 1631 478 1690 Caesaris
499 1627 595 1704 legato
617 1624 680 1686 ltali
702 1624 802 1693 multi,
826 1627 1034 1687 insideretur
1056 1646 1091 1687 ea
1107 1628 1260 1688 Germanis
1282 1631 1351 1689 item
1375 1631 1504 1706 potuisse
1527 1629 1585 1688 boc
1601 1648 1648 1688 ne-

300 1739 346 1791 ta.
356 1734 481 1798 minem,
505 1728 611 1808 aliquid
636 1729 746 1804 etipse
770 1728 988 1788 conscriberem
1011 1730 1090 1808 qnod
1106 1729 1145 1789 illi
1161 1732 1326 1791 ollerretnr.
1366 1731 1465 1807 parui,
1491 1729 1678 1791 obsecutusu

357 1852 436 1901 sum,
460 1832 667 1911 panegyricum
690 1828 760 1896 lusi;
784 1830 812 1888 iu
836 1829 1015 1890 membranis
1038 1834 1222 1909 corrscriptus
1243 1830 1358 1891 libellus
1386 1837 1430 1891 est
1458 1840 1487 1891 et
1516 1849 1646 1909 purpura

330 1931 333 1939 ’
357 1934 476 1995 indutus
503 1953 537 1993 ac
565 1933 702 1992 deaurata
731 1931 827 1999 frons,
863 1930 964 1991 titulus
992 1933 1097 2001 minio,
1131 1932 1243 2012 reliqua
1273 1941 1305 1992 ut
1332 1940 1493 2010 potuerunt
1523 1932 1645 1992 exculta.

299 2035 432 2097 §.t-'lum
455 2036 517 2103 illc,
542 2033 630 2114 quid?
652 2051 711 2091 non
736 2050 854 2109 possum
877 2033 976 2092 elicere
998 2033 1092 2098 aliud,
1117 2036 1291 2113 contempsit
1314 2053 1420 2094 munus
1435 2054 1544 2094 meum.
1585 2034 1646 2093 Fla-

357 2140 443 2216 gitavi
465 2134 658 2196 lraud'multo
686 2142 767 2212 post,
802 2136 868 2213 apua
896 2136 925 2193 in
955 2136 1088 2195 maximis
1115 2154 1299 2196 summorum
1328 2138 1494 2214 principum
1525 2138 1646 2213 negotiis

355 2242 466 2300 versari
488 2240 609 2307 scirem,
644 2238 758 2313 magnis
780 2253 850 2295 usus
873 2239 1035 2297 anticorum
1057 2237 1329 2304 intercessionibus,
1362 2237 1489 2298 adscribi
1519 2239 1547 2296 in
1572 2235 1677 2296 iltiusa

355 2343 539 2408 comitatuum
563 2339 615 2398 sed
637 2357 733 2416 raeque.
756 2338 905 2414 impetrari
928 2337 1000 2405 boc,
1025 2357 1120 2419 neque
1142 2358 1189 2399 me
1212 2338 1273 2407 ille,
1298 2358 1365 2399 cum
1388 2337 1496 2398 militiae
1517 2358 1643 2415 agerem,

353 2461 467 2502 summa
490 2459 556 2500 cum
579 2442 676 2517 iuopia
698 2459 732 2499 ae
754 2446 822 2499 aute
844 2440 934 2517 ipsius
956 2440 1058 2500 oculos
1086 2459 1163 2519 saepe
1190 2440 1426 2507 obambularom,
1461 2449 1513 2500 aut
1539 2439 1644 2500 saluta-

354 2545 662 2618 tioneautrespectu
686 2541 900 2618 dignatusest:
934 2549 1048 2602 tantum
1070 2543 1176 2610 abluit,
1210 2543 1353 2602 bonorem
1381 2550 1413 2602 ut
1443 2544 1568 2602 invicem
1595 2541 1643 2601 lra-

299 2635 440 2703 §.aberet
461 2645 502 2703 sie
524 2644 560 2703 de
582 2662 614 2703 se
636 2645 749 2703 merito.
794 2642 868 2703 Huic
890 2651 920 2702 tu
943 2645 986 2702 ris
1013 2641 1104 2704 libros
1132 2662 1212 2704 meos
1239 2642 1379 2729 adscribi,
1413 2651 1464 2704 ant
1491 2645 1573 2704 lruuc
1599 2661 1644 2703 rae

352 2745 431 2805 voles
453 2746 579 2804 ornare?
602 2747 765 2822 presertim
788 2763 854 2805 cum
877 2744 934 2803 boc
957 2743 1005 2804 ille
1026 2763 1085 2804 non
1109 2745 1253 2823 postulet,
1282 2736 1385 2823 ut'qni
1409 2745 1487 2805 domi
1511 2765 1572 2807 suae
1595 2747 1674 2806 tra-o

353 2847 420 2908 beat
441 2848 490 2926 qni
514 2846 570 2906 boc
592 2847 715 2913 iaciunt,
739 2846 820 2906 illum
844 2848 975 2924 inprimis
999 2845 1216 2913 Bartlrolinum.
1242 2855 1414 2906 conventum
1431 2847 1642 2924 augustensem

352 2951 402 3030 qni
424 2950 591 3027 descripsit,
627 2947 677 3010 ubi
700 2955 812 3008 tantum
835 2947 917 3008 illum
946 2948 1045 3017 ellert,
1081 2957 1112 3008 ut
1141 2967 1199 3009 non
1229 2949 1376 3010 modicum
1407 2947 1469 3008 aliis
1500 2949 1642 3011 detrabat.

296 3052 398 3112 §.aare
420 3053 538 3132 quidem
560 3070 646 3111 strum
670 3050 796 3129 appellat
818 3050 903 3119 inibi,
937 3059 1020 3110 ratus
1047 3051 1089 3109 sic
1117 3050 1180 3111 lore
1209 3058 1321 3112 utnon
1349 3053 1472 3111 seutiam
1496 3051 1642 3112 occultum

350 3241 552 3251 ——-—————

416 3359 525 3424 ⁸quum
545 3362 617 3409 7...s.
636 3373 744 3421 sernper.
798 3353 1005 3420 seeundumlll.
1020 3360 1091 3406 7...s.
1143 3356 1232 3405 ⁷esse
1248 3356 1279 3406 B.
1333 3355 1505 3405 ⁸0rationib.
1526 3353 1641 3422 occure]

348 3445 392 3493 lta
412 3461 435 3493 e.
456 3461 495 3510 gr.
515 3445 594 3492 xx11
619 3443 775 3491 ‘Orationes
795 3442 909 3490 Viennae
927 3440 1048 3491 Austriae
1068 3441 1102 3490 ad
1121 3442 1221 3489 llirum
1240 3440 1459 3489 Maximilianum
1477 3441 1550 3491 Caes.
1574 3443 1641 3507 sug.

350 3528 474 3591 aliosque
498 3527 698 3577 illustrissimos
721 3526 878 3591 Principes,
903 3525 1016 3575 habitae.
1049 3526 1082 3575 In
1100 3524 1280 3574 celeberrimo
1299 3526 1380 3595 trium
1399 3525 1506 3590 Regum
1526 3526 1561 3574 ad
1576 3526 1641 3575 Cas.

349 3617 495 3662 conuentu.
515 3613 593 3661 Anno
605 3612 757 3662 a1.n.xv.'
781 3613 854 3659 inter
872 3625 940 3674 quas
960 3610 1044 3659 etiam
1059 3610 1179 3659 vadiani
1197 3608 1335 3659 nonnulle
1353 3608 1494 3674 leguntur,
1518 3610 1641 3658 ‘Viennae

348 3699 499 3747 Pannoniae
523 3715 572 3762 per
594 3699 792 3760 Hieronymum
816 3696 956 3744 Victorem
972 3731 978 3743 .
995 3732 1001 3744 .
1016 3732 1021 3745 .
1036 3697 1131 3745 Mense
1151 3696 1280 3744 Ianuario
1298 3694 1388 3743 aare.
1408 3698 1537 3744 ranam}
1557 3697 1586 3742 in
1605 3695 1640 3742 tl.

347 3783 515 3846 prodierunt.
535 3784 571 3831 Et
590 3782 722 3831 eiusmodi
741 3781 893 3830 orationum
913 3795 946 3829 ae
965 3781 1118 3830 carminum
1136 3780 1249 3829 seorsim
1267 3778 1469 3843 publicatorum
1478 3795 1582 3842 magua
1597 3796 1640 3827 eo-

347 3868 394 3931 pia
414 3871 502 3929 extat‚
534 3866 674 3931 multaque
698 3868 727 3916 iu
745 3866 939 3914 historicorum
956 3866 1159 3931 promptuarios
1170 3864 1255 3913 libros
1269 3868 1467 3928 congesserunt
1479 3862 1640 3921 Sebanlins,

346 3952 498 4012 Freberus‚
518 3950 655 4013 Strurins,
677 3950 736 4001 alii.
802 3947 823 3982 ¹²
841 3947 885 4014 ae]
906 3953 972 3999 atd.
1038 3947 1058 3981 ¹¹
1076 3950 1239 4016 negociisE
1252 3952 1275 3997 d.
1330 3947 1350 3979 ¹⁰
1368 3948 1477 3997 militiae
1498 3946 1640 4013 agereml'?

347 4053 380 4087 arr
394 4036 523 4086 militiam
536 4039 603 4087 sive*
610 4035 725 4086 militem
740 4038 869 4100 agerem?
907 4035 927 4067 ²¹
948 4035 1080 4085 Riclrardi
1092 4034 1249 4091 Bartlrolini
1263 4032 1412 4094 (Perusini)
1426 4032 1480 4081 riri
1500 4032 1640 4082 eruditiss.

346 4122 380 4171 de
400 4127 537 4171 conventu
555 4121 724 4188 Augustensi
744 4121 879 4169 concinna
898 4120 996 4181 deser„
1017 4120 1099 4169 rebus
1119 4121 1202 4168 etiam
1222 4125 1360 4168 externat.
1380 4118 1505 4182 guertium
1525 4133 1586 4181 (pue
1601 4119 1639 4166 iu-

345 4208 426 4255 terim
444 4213 525 4270 gesta
537 4211 612 4265 suut,
634 4221 694 4254 cum
709 4204 850 4269 elegantia
864 4206 1028 4254 intersertis.
1043 4220 1064 4253 s.
1078 4203 1096 4251 l.
1110 4209 1139 4253 et
1152 4220 1176 4253 a.
1196 4204 1231 4251 4⁰.
1245 4220 1271 4269 p.
1286 4203 1333 4251 nlt.
1348 4202 1471 4266 (repetit.
1485 4216 1530 4265 ap.
1545 4202 1639 4250 Sebel-

344 4291 421 4341 horn.
441 4292 581 4341 Amoenitt.
595 4292 631 4340 ll.
654 4308 680 4354 p.
693 4288 842 4348 udd...7tta.,
873 4291 941 4338 item
954 4306 999 4354 ap.
1013 4289 1212 4352 Senekenberg
1235 4287 1289 4336 Sel.
1309 4289 1360 4335 iur.
1380 4292 1408 4334 et
1425 4286 1490 4335 laist.
1511 4291 1578 4335 tom.
1593 4287 1639 4335 lt'.

344 4377 389 4425 Fi.
405 4375 477 4425 1738.
496 4375 532 4425 8⁰.
551 4393 577 4441 p.
590 4373 744 4437 aaa...dad.)
768 4375 825 4437 „Et
843 4374 866 4422 si
884 4389 934 4422 nos
952 4373 1038 4423 multa
1056 4390 1111 4423 uon
1129 4373 1209 4422 inriti
1227 4372 1444 4438 praeterivimus,
1470 4371 1639 4435 qnandoqui-

344 4460 426 4523 „dem
438 4461 562 4509 nonnulli
577 4461 714 4525 quaepiam
728 4464 811 4523 atque
824 4460 963 4508 Huttenus
977 4474 1053 4507 meus
1072 4458 1205 4523 imprimis
1224 4461 1253 4506 et
1270 4471 1383 4505 marnera
1395 4456 1639 4505 Reverendissimo

344 4545 509 4605 „Cardinali
522 4545 684 4608 bloguntino
703 4544 769 4592 data
788 4544 906 4593 ethnae
925 4535 1103 4604 conventum,
1124 4544 1306 4593 Romanorum
1326 4556 1419 4606 regem
1436 4542 1638 4605 parturientem

343 4628 544 4693 „descripserit
557 4666 563 4677 .
578 4664 584 4677 .
599 4631 627 4677 .''
646 4629 732 4677 Extat
751 4629 836 4677 etiam
855 4629 977 4678 eiusdem
996 4628 1094 4678 Oratio
1113 4628 1148 4677 ad
1166 4628 1234 4692 Imp.
1260 4626 1330 4676 Caes.
1350 4625 1545 4675 Maximilianr's
1568 4627 1637 4691 Arrg.

344 4727 377 4762 ac
400 4710 530 4777 potentii.
556 4713 734 4767 (lennaniam
758 4713 918 4780 Principes,
943 4714 976 4763 de
1005 4712 1180 4778 expeditione
1200 4716 1296 4761 eontra
1314 4711 1420 4760 'Furcas
1448 4711 1637 4776 suscipienda.

342 4798 411 4862 Aug·
428 4797 505 4845 l'ind.
521 4812 565 4860 ap.
580 4793 655 4845 (irini
671 4797 692 4846 a
711 4799 849 4862 ll'irsung.
876 4796 947 4846 lala.
970 4797 1008 4847 la.
1023 4799 1098 4862 Sept.
1118 4798 1154 4847 11⁰.
1174 4796 1305 4846 Eiusdem
1320 4795 1526 4860 Hodoeporicon
1543 4795 1636 4845 Cardi-

343 4881 416 4930 nalis
435 4881 584 4929 (lercensis
608 4897 668 4930 eum
687 4883 773 4932 variis
793 4884 961 4932 caraniuibus
980 4883 1127 4948 repetitum
1152 4888 1194 4932 cst
1213 4883 1241 4930 iu
1259 4882 1322 4931 Rer.
1342 4880 1533 4930 Gerruanicar.
1565 4881 1636 4931 Serr.

343 4981 376 5016 ex
394 4965 460 5017 bibl.
475 4964 590 5015 Freheri
609 4980 665 5021 eur.
683 4968 715 5017 B.
734 4966 767 5017 G.
786 4967 910 5032 Strurio,
930 4973 995 5019 tom.
1010 4967 1046 5018 ll.
1066 4969 1210 5035 Argentea.
1227 4965 1300 5017 1717.
1321 4964 1369 5018 fol.
1388 4963 1565 5033 p.ola...eaa.
