3917 5950
345 660 495 711 CLXXIX.
513 672 616 708 neonis
627 672 698 707 man
707 672 949 707 annnamnooer.
958 673 983 706 n.
993 665 1025 707 tr.
1034 673 1088 708 rvr..
1100 666 1156 707 tato.
1176 657 1307 709 CLXXX.
1316 670 1436 707 ananam
1447 671 1525 706 aser.
1563 638 1636 711 363

342 835 404 890 dem
428 833 515 908 ipsius
538 840 641 888 tantum
664 831 890 889 contumeliarum
920 832 946 887 in
975 832 1045 887 banc
1073 841 1192 889 sanctam
1219 832 1309 887 sedem
1331 831 1487 890 continens,
1518 829 1639 893 utindi·

343 920 484 994 guissimis
514 926 541 973 et
569 917 651 973 rebus
680 926 707 973 et
729 917 819 972 verbis
841 918 930 973 omnia
953 919 1008 972 sint
1031 918 1145 978 referta,
1174 917 1257 985 (tatem
1281 918 1326 990 qm
1350 917 1382 971 ad
1406 934 1455 971 irus
1478 915 1638 976 attuierunt,

343 1022 404 1061 curn
428 1011 456 1059 et
478 1002 547 1058 alios
570 1020 600 1057 se
622 1002 743 1058 eiusdem
765 1001 851 1064 libros
873 1001 973 1057 babere
996 1003 1115 1058 dicerent
1144 1001 1283 1075 aliquantu
1310 1002 1474 1061 deteriores,
1506 1000 1556 1073 ipsi
1580 998 1639 1072 qui·

343 1090 404 1144 dem
427 1089 478 1143 riri
500 1087 653 1160 gravissimi
676 1096 702 1142 et
724 1086 872 1142 doctissimi
902 1088 1021 1158 graviter
1046 1088 1173 1142 connnoti
1198 1096 1225 1142 et
1247 1087 1389 1158 aegerrime
1411 1086 1531 1140 serentes
1555 1101 1641 1156 popo·

322 1179 456 1229 esserunt
479 1190 494 1227 a
518 1171 597 1227 nobis
620 1172 745 1232 omnino,
768 1178 799 1226 ut
821 1172 965 1226 severitate
988 1173 1061 1227 omni
1085 1179 1186 1227 tantani
1209 1171 1383 1226 acerbitatem
1405 1170 1524 1226 bominis
1546 1185 1639 1242 parum

345 1258 461 1314 modesti
484 1257 668 1312 vindicandam
691 1265 856 1329 putaremus.
898 1257 945 1311 sed
968 1273 1019 1311 rios
1042 1274 1073 1310 ox
1096 1265 1190 1311 ntistra
1212 1266 1239 1312 et
1262 1255 1411 1329 apostolica
1434 1252 1640 1310 mansuetudine

344 1344 397 1399 etsi
421 1360 478 1397 rem
502 1341 611 1396 minime
632 1340 828 1414 probabamus,
856 1349 1028 1396 tamencum
1053 1358 1250 1414 ‹parereremum
1281 1341 1389 1414 quinam
1413 1338 1458 1394 iiie
1481 1347 1569 1399 esset,
1601 1337 1640 1392 in-

346 1426 500 1483 telleximus
522 1444 583 1481 earm
606 1425 857 1498 circumspectionis
881 1432 934 1480 tuae
958 1425 1116 1481 familiarum
1139 1444 1214 1487 esse,
1238 1426 1302 1498 quin
1319 1426 1399 1479 etiam
1418 1423 1497 1478 nobis
1513 1431 1640 1477 ostensus

345 1512 423 1568 iocus
451 1520 508 1572 est,
536 1511 685 1583 impressos
714 1510 765 1565 bos
794 1509 879 1564 libros
909 1509 1012 1565 scilicet
1042 1510 1068 1564 in
1091 1510 1199 1565 civitate
1221 1518 1268 1580 tua
1290 1509 1428 1582 bioguntia
1452 1509 1549 1569 inisse,
1580 1524 1640 1578 quae

312 1601 392 1653 ¹⁰res
414 1613 540 1667 magnam
563 1596 590 1650 in
614 1595 693 1650 nobis
715 1595 861 1650 commovit
883 1594 1103 1656 admirationem,
1132 1612 1193 1650 cnm
1220 1613 1269 1651 nec
1298 1603 1395 1651 noster
1424 1594 1450 1648 in
1477 1593 1641 1668 circumspe-

344 1682 466 1737 ctionem
490 1689 562 1735 tuam
584 1687 734 1753 perpetuus
757 1687 785 1733 ct
808 1678 956 1750 singularis
977 1696 1054 1734 amor
1081 1680 1193 1734 credero
1221 1696 1272 1734 nos
1300 1680 1402 1735 sineret
1426 1686 1452 1733 te
1475 1676 1582 1732 notente
1605 1676 1642 1730 ita

346 1783 408 1821 esse
430 1765 546 1823 iactum.
569 1771 597 1819 et
620 1782 664 1819 res
687 1764 746 1836 ipsa
768 1781 837 1836 perm
860 1770 972 1836 cogeret
994 1763 1068 1819 credi
1091 1773 1153 1819 ante
1177 1763 1271 1819 ocutos
1295 1772 1373 1825 tnus,
1404 1763 1430 1817 in
1453 1762 1516 1816 sede
1540 1768 1599 1822 tua,
1627 1777 1641 1814 a

347 1859 395 1905 tuo
417 1849 568 1905 domestico
591 1857 619 1903 et
641 1847 767 1903 iandliari
789 1866 844 1903 non
867 1849 991 1921 potuisse
1014 1847 1056 1902 edi
1079 1856 1183 1902 tantum
1207 1848 1295 1903 scelus
1319 1849 1345 1903 in
1368 1855 1491 1921 apertum
1515 1854 1541 1901 to
1565 1845 1642 1917 igno·

345 1941 433 1989 rante.
479 1934 572 2006 ltaque
594 1951 655 1989 curn
678 1933 705 1987 in
728 1950 786 1988 eam
810 1933 901 2006 potius
924 1933 1079 2006 opinionem
1102 1932 1282 1995 declinemus,
1312 1933 1369 1987 itanc
1397 1932 1428 1986 ad
1458 1940 1529 1986 tuam
1556 1929 1642 1984 scien·

312 2022 338 2063 ¹⁵
348 2019 413 2074 tiana
437 2036 492 2073 non
516 2018 685 2090 pervenisse,
709 2016 851 2072 hortamur
872 2017 1141 2090 circumspectionem
1165 2025 1237 2072 tuam
1262 2018 1287 2071 in
1311 2017 1435 2077 domino,
1458 2025 1486 2071 ct
1501 2014 1534 2070 ab
1550 2014 1641 2069 eadem

346 2111 451 2176 quate
474 2104 668 2176 prosequimur
689 2101 877 2157 benevolentia
900 2102 1077 2174 requirimus,
1108 2111 1137 2156 nt
1160 2103 1335 2174 interponere
1357 2101 1546 2156 airctoritatetn
1569 2107 1642 2153 tuam

345 2188 511 2260 efficereque
534 2186 614 2248 neiis,
645 2194 675 2241 ut
697 2186 791 2242 tatium
813 2203 969 2259 compressa
993 2187 1159 2248 temeritate,
1183 2204 1244 2259 quau
1268 2187 1294 2241 in
1318 2186 1386 2241 bane
1409 2192 1527 2241 sanctam
1551 2183 1642 2238 sedern

347 2272 449 2345 iniquis
472 2272 568 2326 animis
589 2271 755 2332 edomantur,
778 2272 878 2327 autad
901 2271 1061 2326 modestiam
1084 2289 1113 2326 se
1135 2278 1308 2331 convertant,
1332 2279 1379 2326 aut
1401 2288 1432 2326 ea
1455 2271 1479 2324 in
1497 2268 1642 2324 maledicos

346 2357 501 2412 severitatis
524 2365 578 2411 tua·
601 2356 697 2412 indicia
720 2356 849 2418 citantur,
879 2374 940 2428 quan
963 2363 991 2410 et
1013 2356 1089 2428 ipsus
1112 2364 1139 2412 et
1161 2363 1276 2418 caeteros
1302 2355 1408 2428 possint
1431 2372 1446 2408 a
1469 2361 1543 2408 tanta
1566 2360 1643 2426 petu-

312 2440 590 2497 ²·la11nacoercere.
634 2441 710 2508 Quod
732 2441 984 2514 circumspectionis
1014 2448 1066 2495 tuan
1090 2441 1188 2496 bononi
1211 2441 1335 2514 inprimis
1357 2458 1388 2495 ac
1409 2438 1551 2511 dignitati,
1582 2455 1643 2509 quau

347 2526 430 2582 buius
446 2534 546 2581 sanctae
565 2526 636 2581 sedis
658 2524 750 2580 nobile
772 2525 923 2580 membrum
944 2533 1000 2586 est,
1025 2526 1077 2580 erit
1099 2534 1319 2580 consentaneum.
1357 2524 1450 2579 batum
1466 2523 1558 2578 Roman
1573 2521 1644 2594 apud

347 2618 472 2666 sanctum
494 2610 603 2665 Petrum
626 2609 677 2665 snb
704 2609 805 2665 aunario
827 2609 975 2666 Piscatoris
1003 2610 1047 2665 die
1071 2610 1121 2665 iili.
1150 2609 1209 2664 bdii
1230 2610 1328 2666 mxx.
1351 2607 1528 2664 Pontiticatus
1557 2606 1644 2661 nostri

348 2712 422 2751 anno
446 2703 550 2751 octavo.
1347 2694 1381 2749 la.
1405 2691 1557 2749 Sadoietus.

899 2941 1092 3017 CLXXX.

314 3093 340 3133 ιε
419 3078 532 3141 Statim,
551 3094 586 3128 ne
605 3080 760 3144 argumenti
780 3081 1017 3130 continuationem
1035 3080 1280 3144 interrumpamus,
1305 3076 1469 3127 subicienda
1489 3091 1549 3125 esse
1568 3075 1644 3126 vide·

348 3168 407 3226 tur,
427 3163 553 3227 quumvis
570 3162 653 3227 poulo
672 3169 734 3228 post
753 3166 858 3230 scripta
877 3166 926 3227 sit,
947 3165 1101 3229 praesertim
1121 3179 1182 3214 curn
1201 3163 1274 3212 diem
1293 3164 1354 3228 ipsu
1372 3178 1427 3211 non
1446 3161 1558 3221 indicet,

367 3278 571 3359 [noevnriml
1378 3279 1415 3344 [it.
1431 3281 1501 3329 ran?
1515 3293 1541 3328 Δ.
1558 3276 1626 3344 tato]

638 3419 777 3477 deERTi
799 3421 980 3477 biOGVb'TlNl
1003 3421 1045 3476 nb
1067 3419 1199 3476 LEONEM
1221 3421 1251 3476 X.
1275 3422 1302 3476 P.
1326 3422 1355 3476 R.

718 3521 861 3583 responsio
881 3517 955 3570 1520.
975 3535 1008 3568 ex
1026 3518 1103 3568 MSS.
1124 3518 1277 3584 Capitonis.
1296 3558 1298 3562 ‚

314 3652 341 3693 ao
436 3640 591 3694 beatissime
613 3650 692 3714 pater
714 3648 741 3695 et
763 3642 883 3703 domine,
912 3642 1021 3698 domine
1043 3641 1265 3703 clementissime,
1295 3651 1359 3715 post
1380 3640 1529 3697 bumiiiima
1551 3641 1701 3697 beato-§.t

349 3741 410 3779 rum
434 3725 531 3797 pedum
555 3724 655 3780 oscula.
702 3726 832 3782 Vicesimo
859 3727 956 3799 quinto
972 3726 1027 3781 dte
1050 3725 1176 3782 Octobris
1204 3726 1294 3800 accepi
1325 3726 1444 3799 quinque
1474 3726 1565 3781 brevia
1593 3744 1646 3799 qua

349 3809 429 3864 decet
460 3811 609 3864 reverentia
639 3818 668 3865 et
697 3809 886 3867 obsecratione
914 3829 929 3866 a
957 3811 1106 3867 reverendo
1135 3811 1245 3866 domino
1273 3810 1375 3867 biarino
1398 3810 1552 3866 Caracciolo
1581 3819 1645 3866 eta

351 3974 505 4022 tznutt.
519 3973 629 4022 Miincb.
648 3973 700 4022 111.
720 3991 746 4039 p.
760 3973 871 4039 567.sq.
892 3975 938 4036 (ex
957 3976 1091 4038 Burrieni,
1118 3978 1164 4042 qui
1188 3977 1332 4042 inscripsit
1355 3978 1571 4043 „Fragmentum
1592 3977 1647 4041 epi-

350 4057 431 4106 stolae
449 4058 553 4106 Leonis
572 4058 604 4105 X.
630 4058 665 4106 ad
683 4058 826 4108 bibentum
892 4060 921 4108 in
945 4076 998 4124 qua
1022 4061 1056 4109 de
1074 4061 1192 4110 ilutteni
1215 4061 1348 4111 adversus
1366 4061 1477 4111 Clarium
1496 4062 1647 4110 Romanam

350 4141 552 4204 tentaminibus
570 4141 814 4192 vehementissime
832 4145 967 4207 queritur,
993 4147 1107 4210 eiusque
1126 4147 1331 4210 oppressionem
1351 4150 1490 4211 exoptat''.
1515 4144 1646 4204 („Abrnh.

350 4224 493 4274 scultetus
515 4225 615 4275 Annei.
634 4227 770 4292 Euangel.
796 4244 888 4278 renov.
912 4230 981 4279 Dec.
1001 4231 1023 4278 1.
1048 4231 1083 4279 ed
1107 4246 1172 4279 ann.
1194 4228 1265 4278 1520.
1292 4246 1324 4278 ex
1348 4228 1520 4295 autographo
1543 4229 1648 4278 Leonis

708 4319 839 4377 excerpta
858 4314 984 4376 qnaednm
1003 4313 1143 4362 dederat'‘.
1164 4313 1296 4373 evacua.)

350 4426 485 4476 CLXXX.
527 4428 661 4478 Dedimus
685 4429 757 4479 hanc
781 4448 825 4495 ep.
850 4448 883 4480 ex
916 4430 940 4493 l)
960 4431 1073 4480 Gerdes.
1098 4431 1115 4480 l.
1140 4447 1164 4480 c.
1189 4431 1225 4480 11.
1250 4448 1275 4495 p.
1297 4429 1409 4492 12...14.,
1440 4431 1511 4479 unde
1536 4432 1649 4495 repetiit

349 4511 377 4576 2)
390 4510 542 4563 Christian.
552 4513 778 4580 Wilepieker,
794 4516 883 4565 Gamla.
898 4517 945 4564 Dru
960 4515 1060 4564 Martia
1073 4516 1192 4564 Lntders.
1207 4514 1297 4564 Berol.
1312 4512 1386 4564 1818.
1400 4514 1424 4563 8.
1437 4515 1459 4564 1.
1473 4531 1499 4580 p.
1510 4513 1647 4565 tot...toe.

582 4598 748 4661 appendicem·
767 4615 800 4648 ex
818 4600 870 4648 hoc
889 4598 915 4658 3)
934 4599 1013 4648 Hutt.
1034 4599 1146 4648 Miinch.
1165 4599 1216 4649 111.
1236 4616 1262 4663 p.
1276 4597 1416 4650 tumere.

329 4722 332 4727 ’
417 4730 529 4796 ⁸quum
549 4735 575 4781 3.
595 4736 676 4783 etsie
693 4734 772 4797 infra.
824 4734 989 4800 ⁴egerrime
1008 4740 1033 4785 2.
1086 4734 1154 4801 ⁶ut]
1175 4739 1246 4784 etl.
1298 4735 1474 4800 ⁷probamua
1493 4738 1518 4785 4.
1565 4733 1647 4786 ⁰uci-

350 4814 419 4865 licet
437 4819 547 4867 ommi.
629 4819 776 4883 Mogontia
795 4823 820 4868 2.
897 4818 918 4851 ¹²
936 4836 1015 4886 paene
1035 4823 1061 4870 3.
1138 4819 1159 4852 ¹⁸
1177 4819 1367 4870 benivolentia
1386 4825 1412 4872 2.
1483 4821 1504 4853 ¹⁷
1521 4826 1647 4872 sanctam

349 4903 420 4949 omas.
441 4904 465 4950 1.
478 4903 504 4951 3.
575 4899 669 4953 wind.
689 4908 744 4953 tuae
763 4919 820 4955 sev.
841 4907 899 4955 Μ.
963 4903 986 4939 ¹⁰
1005 4906 1152 4957 cohercere
1171 4908 1231 4956 et.
1307 4907 1442 4974 imprimis
1461 4912 1486 4957 2.
1550 4905 1570 4938 ²¹
1590 4906 1647 4957 Do-

349 4990 407 5035 tum
425 4992 474 5036 etc.
493 4992 564 5037 emta.
583 4988 609 5037 4.
