3917 5950
413 620 487 698 204
557 635 614 690 XC.
633 652 756 690 nvrrsur
768 653 806 690 to
819 653 931 691 reuera.
945 654 988 691 er.
1002 655 1075 694 vrrs
1089 656 1147 695 svn
1160 657 1223 696 atr.
1237 658 1320 696 neon.
1333 659 1359 694 o.
1374 652 1407 697 ta.
1418 662 1479 697 oce.
1497 653 1555 698 tata.

412 810 520 892 aliquid
544 819 689 891 preslem,
723 817 787 871 tum
815 827 887 871 uero
915 811 992 872 dicet
1019 812 1143 892 quisque
1171 831 1275 875 eorum
1309 817 1358 894 qui
1378 814 1429 876 bic
1455 835 1520 877 rem
1551 818 1704 887 aestimant,

412 923 463 975 aut
485 934 588 976 euentu
610 925 690 975 certe
718 916 849 993 quinon
879 913 1006 975 obscure
1035 915 1214 993 intelligunt,
1249 915 1353 997 aliquis
1381 919 1471 988 dicet,
1504 927 1556 979 aut
1585 919 1706 998 quilibet

377 1032 385 1059 ³
413 1019 517 1084 etiam,
543 1017 626 1088 ‘Quid
648 1034 720 1092 ergo
740 1019 813 1076 tanti
834 1023 878 1074 est
900 1017 979 1077 berno
1001 1019 1056 1078 isto
1077 1017 1193 1086 labore,
1217 1018 1273 1078 ban
1294 1021 1440 1098 impensa,
1468 1021 1526 1082 hoc
1551 1022 1703 1100 dispendio

412 1118 475 1179 bne.
490 1118 658 1178 didicissel’
683 1126 771 1197 atque
792 1121 828 1178 ita
848 1126 915 1197 post
932 1120 1074 1187 sentient,
1093 1138 1145 1180 sua
1162 1122 1268 1198 partim
1283 1123 1434 1199 opinione,
1454 1126 1562 1202 partim
1581 1123 1704 1182 aliorum

411 1237 570 1298 persuasu,
597 1240 633 1280 ex
653 1220 804 1280 literarum
827 1220 923 1280 studio
946 1222 1009 1281 beri
1031 1221 1164 1281 bomiues
1186 1223 1301 1299 pigros,
1330 1225 1458 1293 desides,
1483 1227 1620 1301 ignaros,
1643 1238 1726 1283 ces-⁵

411 1329 538 1390 satores,
560 1321 662 1382 molles
684 1330 712 1382 et
734 1325 869 1400 supinos;
893 1331 922 1382 et
944 1325 1052 1383 iccirco
1073 1331 1212 1402 tattqnatu
1231 1342 1247 1382 a
1268 1343 1302 1384 re
1321 1328 1430 1386 uostris
1449 1326 1626 1394 maioribus,
1652 1328 1705 1387 bac

410 1423 576 1493 nobilitate,
599 1424 644 1484 bis
666 1424 842 1500 imaginibus
863 1424 945 1484 valde
966 1426 1098 1501 indigua,
1121 1424 1231 1484 liberos
1245 1445 1315 1485 snos
1330 1422 1568 1489 deboctabuntur
1585 1448 1621 1489 ec
1640 1429 1704 1489 abs·
1785 1420 1793 1443 ⁸

411 1526 545 1594 trabeut,
578 1534 731 1605 queuntes,
765 1526 821 1586 boc
850 1528 904 1586 uisi
933 1526 1053 1595 taciem,
1086 1527 1151 1586 illos
1175 1528 1218 1586 sio
1246 1528 1394 1588 institutos
1421 1549 1540 1590 omnem
1570 1550 1702 1601 snorum,

412 1645 529 1687 omnem
551 1628 672 1687 lunuaui
694 1630 812 1704 generis
834 1647 937 1692 cetram
963 1630 1161 1713 diuisurus„
1185 1645 1220 1688 ac
1250 1630 1362 1690 nullum
1391 1633 1419 1690 in
1447 1650 1533 1693 usum
1564 1634 1701 1733 rifturos.

342 1729 474 1801 5⁵¹·an
497 1730 533 1789 de
556 1748 643 1790 eausa
666 1730 789 1809 obsequi
811 1731 847 1790 ad
871 1738 987 1808 tempus
1013 1731 1165 1790 bominum
1191 1729 1333 1792 uoluntati
1360 1739 1474 1793 certum
1500 1727 1620 1802 esl,’et
1647 1734 1702 1795 boc
1716 1754 1736 1792 u

410 1832 508 1892 iecere
532 1833 609 1910 quod
629 1833 668 1892 illi
687 1839 858 1911 expectant,
883 1839 1026 1911 qumdum
1040 1832 1137 1892 valeo:
1161 1851 1248 1911 spero
1268 1842 1366 1895 aretem
1383 1835 1529 1895 lecturum
1548 1854 1608 1895 nou
1629 1853 1700 1913 pace

410 1934 505 1994 solutu
528 1934 693 2004 literarum,
728 1936 779 1994 sed
802 1942 832 1993 et
854 1935 1024 2008 commodo.
1057 1934 1135 1994 solea
1163 1942 1213 1995 atil
1241 1937 1327 1995 etiam
1354 1944 1438 1996 ancta
1462 1937 1604 2013 dignitate
1627 1955 1701 1997 mea.

410 2054 501 2116 porro
523 2038 648 2096 servitus
668 2036 714 2096 illa
737 2043 770 2097 nl
793 2037 914 2095 bonesta
938 2047 982 2094 est
1004 2055 1039 2096 ac.
1060 2036 1204 2105 liberalis,
1238 2040 1276 2096 ita
1308 2056 1324 2096 a
1353 2038 1605 2117 nte'proponilnr
1629 2035 1725 2099 tem-'

409 2142 542 2217 porario.
575 2157 634 2198 non
656 2145 814 2216 perpetum
847 2138 953 2197 deinde
982 2138 1112 2198 honores
1134 2139 1204 2198 mibi
1233 2147 1262 2198 et
1290 2140 1327 2231 aql
1349 2138 1476 2218 aliquem
1499 2139 1702 2200 sublimiorem

409 2242 612 2319 splendorem,
641 2240 775 2300 altiorem
797 2246 905 2299 statum
926 2242 1146 2318 provectionem
1169 2240 1332 2318 pollicetur.
1377 2242 1438 2303 Nec
1460 2251 1492 2301 tu
1513 2243 1603 2317 igitur
1629 2242 1700 2302 stul
1714 2261 1733 2299 u

409 2350 471 2403 tum
495 2362 542 2402 me
564 2349 648 2420 puta,
671 2345 695 2402 si
716 2335 752 2402 ad
774 2343 902 2402 bonores
924 2342 1059 2419 adspice,
1088 2349 1136 2401 aul
1165 2342 1328 2420 perditum,
1358 2345 1435 2403 iuter
1457 2342 1570 2403 aulicos
1592 2344 1701 2403 tumul·

408 2452 456 2504 tus
480 2446 628 2519 diguitatis
647 2463 720 2504 ureae
743 2446 956 2505 incrementum
979 2445 1003 2503 si
1025 2443 1167 2511 anullinum
1202 2444 1253 2504 sed
1282 2451 1451 2523 temporum
1475 2446 1575 2522 polius
1600 2446 1701 2504 coodi-

409 2547 519 2605 tionem
547 2554 576 2606 et
605 2564 791 2606 contutunem
819 2546 970 2606 bominum
1001 2563 1135 2614 sensum,
1169 2552 1220 2605 ant
1246 2545 1303 2605 boc
1317 2547 1441 2624 polius,
1475 2547 1555 2624 qnod
1583 2565 1701 2624 semper

341 2646 513 2708 ⁵·⁵⁹·omnes
527 2666 561 2707 ac
578 2650 703 2708 unanime
721 2648 899 2708 clarissimus
920 2649 1044 2726 quisque
1062 2646 1245 2714 factitarunt.
1269 2648 1431 2707 considera.
1473 2647 1551 2708 Tum
1571 2650 1595 2707 si
1615 2648 1699 2708 aliurn

407 2755 440 2810 tu
463 2756 491 2809 et
513 2751 742 2810 commodiorem
766 2753 852 2810 vitam
873 2751 964 2817 nosti,
995 2749 1168 2828 proscribe,
1203 2750 1308 2817 educe,
1342 2750 1454 2818 iudica,
1489 2748 1563 2809 selle
1584 2761 1733 2818 attremtt

408 2869 496 2910 mauu
518 2852 575 2912 duc
594 2852 630 2910 od
655 2851 736 2911 illum
758 2851 854 2911 turbis
875 2853 1058 2911 inaccessum
1081 2851 1187 2910 locum.
1233 2850 1303 2910 mibi
1328 2852 1462 2929 «pridem,
1483 2853 1530 2911 cni
1551 2852 1697 2930 quoddam

407 2954 513 3014 diurna
536 2953 583 3013 illa
605 2954 804 3032 peregrinatio
826 2954 964 3015 iudicium
988 2954 1081 3022 dedit,
1105 2954 1216 3013 erroris
1238 2952 1362 3013 multum
1383 2955 1525 3022 excussit,
1556 2953 1654 3015 turbis
1672 2961 1700 3015 et

407 3056 670 3134 inquietudinibus.
704 3063 767 3115 lum
791 3057 906 3115 miseria
929 3074 1047 3134 quoqne
1076 3062 1104 3115 el
1133 3073 1221 3114 omno
1249 3073 1342 3130 gentes
1367 3055 1518 3131 lragndlis
1548 3058 1639 3117 mixta
1665 3076 1699 3116 ac

407 3159 516 3218 referta
544 3160 642 3217 omnia
666 3158 810 3217 ridentur.
846 3163 875 3215 et
896 3175 955 3235 quo
976 3175 1024 3217 me
1049 3174 1165 3235 certique
1188 3163 1314 3223 scitam,
1344 3156 1414 3215 nibil
1437 3175 1593 3244 securum,
1618 3166 1698 3218 trau-

406 3259 528 3338 qnillum
548 3260 619 3319 nibil
642 3260 725 3319 rideo
739 3260 939 3337 propositum:
961 3265 1030 3317 suut
1044 3258 1155 3325 ollicia,
1178 3264 1247 3317 sunt
1262 3257 1417 3329 clientelae,
1438 3258 1608 3327 sontium,
1632 3267 1731 3320 sume

406 3368 583 3429 corruentem,
618 3369 686 3421 sieut
712 3360 869 3438 obsequia,
903 3368 971 3421 sunt
1000 3379 1094 3428 curae,
1126 3368 1193 3418 suut
1224 3367 1335 3426 molen,
1369 3367 1439 3418 sunt
1463 3359 1598 3428 laboreS,
1632 3367 1700 3420 sunl

409 3462 539 3529 lastidia;
562 3470 624 3522 tntu
647 3480 733 3521 erastus
757 3468 786 3521 el
807 3463 935 3541 nudique
957 3464 1112 3521 iuunincns
1134 3460 1260 3520 lorlunm
1280 3462 1385 3521 iniuria
1408 3480 1443 3521 ac.
1465 3462 1561 3521 morbi
1590 3470 1620 3522 et
1648 3463 1699 3522 do·
1733 3476 1734 3479 ’

339 3563 496 3624 tete-tores.
541 3583 595 3623 uec
613 3572 727 3624 tautum
750 3564 815 3624 aetla
838 3566 899 3623 istis
921 3570 1028 3630 scatet,
1054 3581 1119 3642 queo
1145 3579 1201 3637 ego
1225 3564 1254 3621 in
1277 3560 1323 3621 illa
1351 3563 1469 3641 depinxi
1497 3565 1698 3640 navigatione:

405 3664 456 3724 nbi
476 3666 546 3724 mibi
573 3669 666 3726 oratio
689 3666 819 3725 arbitror
839 3664 946 3732 deluit,
968 3681 1097 3723 resnou
1119 3663 1227 3724 deluit:
1251 3671 1280 3723 cl
1294 3664 1391 3724 adbuc
1409 3664 1552 3724 disertum
1570 3664 1699 3744 aliquem

405 3784 439 3825 ea
462 3767 610 3827 desideret
633 3767 748 3834 sabula,
771 3768 821 3846 qni
842 3765 957 3844 plenius
979 3767 1075 3825 omnia
1098 3773 1225 3844 exponat
1248 3765 1419 3825 eliquasse
1441 3784 1506 3825 rent
1529 3769 1579 3845 qui
1601 3767 1733 3828 verbis³⁰

406 3876 510 3945 aequet.
557 3876 585 3927 cl
608 3870 678 3929 milti
699 3872 741 3929 sic
763 3869 891 3936 ridetur,
915 3867 986 3927 nibil
1008 3884 1133 3945 usquam
1155 3885 1215 3927 uon
1236 3885 1319 3945 cecpte
1338 3886 1374 3927 ao
1391 3866 1438 3927 illa
1459 3875 1504 3926 est
1523 3868 1608 3936 aula,
1635 3878 1697 3930 tur-

337 3968 569 4029 §.n-butenen.
611 3971 723 4031 Tanton
745 3972 769 4030 si
791 3969 859 4048 quid
881 3968 973 4028 babes
997 3968 1197 4045 exploratum,
1218 3949 1324 4047 'cquaeso
1346 3968 1455 4045 prode,
1484 3979 1696 4039 connnonstro,

403 4090 441 4132 ne
468 4079 583 4131 tantum
612 4074 696 4132 istinc
723 4071 891 4139 abstemiae,
926 4088 985 4130 nou
1015 4070 1112 4148 aliquo
1137 4069 1253 4129 trabas:
1286 4069 1323 4130 de
1354 4077 1407 4129 luo
1439 4070 1561 4130 consilio
1592 4071 1696 4132 luciani

471 4294 539 4344 ¹tuc
552 4293 838 4360 A.rqq.eorr.H.lu1u
873 4292 1062 4341 nicomede.
1109 4288 1580 4357 ⁶supinos,d·ec1‹1.,cor=re.r.H.l2t
1628 4290 1696 4341 ”nd

404 4368 521 4443 tempos]
541 4381 632 4429 addidi
648 4395 683 4428 en
701 4380 736 4427 ΙΙ.
756 4377 921 4426 adnotatione
940 4376 975 4425 ad
999 4382 1103 4425 ten...
1128 4377 1187 4425 edd.
1205 4380 1275 4425 omis.
1345 4373 1365 4406 ¹¹
1384 4378 1517 4439 quantum
1535 4373 1573 4439 v.]
1597 4377 1694 4425 addidi.

404 4464 440 4512 ΙΙ.
467 4465 545 4513 cerba
563 4480 621 4529 qua·
643 4465 702 4512 edd.
726 4462 818 4511 babent
842 4463 892 4508 aut
915 4475 967 4524 ego
993 4474 1102 4525 possum
1129 4461 1229 4510 endunt
1255 4466 1280 4508 et
1307 4460 1445 4523 udsoiprit
1471 4462 1604 4523 quieturi,
1616 4496 1694 4509 .....

404 4546 424 4578 “
445 4554 537 4612 pptuu.
556 4548 665 4597 Deinde
680 4549 713 4597 Α.
726 4548 775 4596 ned
785 4548 822 4595 H.
836 4560 922 4594 corn:
940 4544 1059 4604 ,deindo
1112 4542 1133 4575 ¹⁸
1151 4548 1180 4593 et
1191 4545 1277 4593 udrcr.
1291 4544 1327 4591 H.
1339 4559 1389 4607 pro
1403 4544 1543 4609 enepotius
1561 4544 1623 4602 boo,
1637 4547 1694 4594 Μ.

403 4629 579 4695 ”perscribe
592 4635 665 4681 two.
712 4630 907 4680 ”iudicumd
954 4626 1046 4677 ”Neo
1059 4625 1090 4692 t]
1103 4627 1209 4676 Nodum
1221 4628 1423 4677 continerent
1435 4633 1461 4677 et
1473 4630 1555 4678 adcor
1555 4665 1656 4679 ......
1666 4631 1694 4679 ti

403 4714 595 4778 navigatione]
615 4717 651 4764 cf.
666 4715 752 4764 aulici
764 4716 849 4764 maris
861 4712 1076 4776 descriptionem
1094 4713 1123 4761 in
1135 4713 1196 4777 ipso
1208 4710 1331 4777 dialogo,
1351 4711 1476 4776 quilinio
1488 4712 1618 4778 epistole
1629 4714 1694 4764 scri-

403 4796 501 4846 bendae
513 4800 689 4848 occasionem
701 4800 787 4848 dedit.
833 4794 1089 4861 ”suthinpro
1101 4793 1442 4861 qno.l.ll.ud2rriprit..t
1476 4796 1549 4847 End.
1562 4797 1618 4848 Sed
1652 4798 1693 4847 Iu·

402 4885 445 4929 ter
456 4897 490 4931 ac
508 4887 533 4929 et
552 4880 602 4930 illa
614 4884 652 4932 II.
671 4885 769 4931 ductum
786 4884 904 4945 scripsit,
923 4882 971 4930 red
988 4882 1058 4946 quod
1073 4884 1182 4945 mnrpint'
1196 4881 1387 4943 adscripscrat,
1406 4880 1545 4931 abscissum
1562 4889 1615 4939 ert,
1631 4883 1693 4945 sort.

403 4972 461 5031 εἰς,
480 4965 540 5030 (pro
556 4969 633 5017 vetito
651 4970 700 5018 icto
718 4963 766 5032 ao)
829 4964 852 4997 ⁸²
870 4961 1015 5015 obmolita.
1033 4964 1075 5015 Ne
1092 4960 1176 5015 uiiA.
1195 4964 1232 5013 H.
1250 4978 1321 5014 corr.
1339 4978 1396 5024 ,ne
1465 4963 1489 4997 ³⁸
1507 4965 1613 5016 isthinc
1622 4968 1693 5017 dmi.
