3917 5950
445 662 612 712 Lxxxnll.
632 676 757 712 arerem
770 677 807 712 xx>
819 677 931 712 cnorrrr
945 677 974 711 ru
989 677 1116 712 reseruari
1130 676 1284 711 rnnrarxo.
1304 671 1364 714 1518.
1472 648 1543 718 179

246 829 451 891 doctrinarum
475 831 569 892 lecem
591 832 699 891 iactare
722 831 849 899 discam,
872 849 940 890 narn
962 830 1124 909 intelligere
1138 829 1220 890 nullo
1236 832 1357 909 negocio
1373 831 1455 893 licet:
1479 850 1544 894 snm

246 933 325 992 cuim
348 932 436 1011 plane
459 934 488 992 in
512 952 545 993 ea
568 934 719 1011 opinione,
752 942 785 993 ut
808 933 908 1011 quiin
932 932 977 991 bis
1000 932 1102 992 studiis
1130 932 1284 1009 superbire
1313 934 1399 1001 sciat,
1431 941 1459 993 et
1489 952 1544 1012 pro

246 1042 381 1112 tempore
404 1036 542 1114 ingerere
563 1053 596 1094 se
618 1034 736 1101 audeat,
760 1051 827 1092 cum
851 1042 1086 1094 consummatum
1116 1034 1172 1094 boe
1200 1042 1332 1112 tempore
1360 1035 1542 1097 iureconsul-

245 1142 309 1195 tum
337 1137 513 1197 existimem.
558 1134 643 1206 Quod
677 1136 840 1195 institutum
875 1135 944 1213 qnid
980 1136 1071 1195 relect
1105 1136 1253 1225 «quomodo
1279 1143 1379 1213 postea
1407 1138 1611 1197 immuta-tte.

221 1238 337 1297 ⁵rerim
359 1237 507 1307 seribere,
536 1256 603 1298 cum
632 1246 663 1297 tu
691 1235 732 1296 illi
762 1236 929 1296 interfueris
958 1238 1071 1295 senatui
1096 1255 1154 1314 quo
1175 1238 1252 1297 istud
1275 1237 1383 1296 laetum
1406 1247 1449 1297 est
1472 1258 1540 1298 con·

244 1336 361 1399 sitium
390 1339 433 1399 nd
457 1338 649 1399 bartholistas
670 1338 778 1398 redeo:
812 1337 883 1397 tales
905 1345 974 1396 sunt
996 1338 1045 1415 qni
1068 1356 1147 1398 nune
1173 1339 1346 1398 inauribus
1373 1340 1539 1417 principum
1550 1348 1609 1398 §.ta

244 1440 328 1517 qnasi
351 1443 484 1519 spongiae
511 1441 637 1509 luerent,
671 1439 778 1517 quibus
801 1438 1025 1499 consultoribus
1052 1438 1225 1516 respublicae
1255 1439 1471 1515 gubernantur,
1506 1442 1542 1502 ad

244 1530 602 1621 quorum'prtescriptum
624 1542 721 1600 omnia
751 1540 830 1599 domi
858 1541 988 1618 lorisque.
1016 1548 1175 1620 geruntur:
1210 1542 1259 1619 qui
1287 1540 1341 1600 soli
1369 1542 1446 1602 docti
1473 1552 1543 1603 sunt

244 1641 361 1721 solique
383 1643 524 1704 doctrinae
551 1644 682 1722 precium
711 1643 876 1710 inreuiuut,
911 1642 1086 1721 quibuscum
1113 1660 1198 1702 smuu
1230 1643 1276 1701 isti
1306 1643 1407 1702 divites
1434 1662 1539 1704 aurum

210 1751 405 1806 ¹⁸commnue
427 1744 550 1814 babent,
584 1763 658 1823 quos
685 1742 764 1802 solos
794 1743 948 1820 benignius
977 1743 1111 1804 salutant.
1166 1743 1208 1803 ilc
1235 1744 1333 1804 nescio
1362 1763 1398 1804 an
1427 1748 1608 1823 neptensis.

244 1847 428 1908 manifestim
449 1846 577 1907 stultitiae
592 1865 652 1906 suae
667 1846 877 1905 documentum
893 1864 980 1924 quam
1004 1846 1033 1903 in
1048 1844 1235 1904 deincrendis
1250 1845 1359 1905 rabulis
1375 1846 1539 1923 prebeant:

243 1965 320 2025 quos
342 1966 410 2008 eum
432 1947 561 2008 reddunt
581 1954 775 2025 purpuratos,
805 1947 858 2024 ipsi
882 1945 1037 2024 aliquando
1061 1955 1147 2023 egent
1169 1948 1258 2024 inepti
1282 1948 1428 2015 homiues,
1458 1950 1540 2028 quasi

244 2067 303 2108 non
327 2049 432 2110 melior
454 2050 543 2111 luerit
564 2049 728 2109 Germania.
751 2056 857 2117 status,
887 2055 1042 2125 axrtequam
1065 2048 1110 2106 isti
1133 2047 1302 2109 invaderent
1322 2056 1367 2108 tot
1389 2049 1540 2110 volumini·

244 2149 300 2210 bns
322 2148 473 2220 instructi,
495 2157 565 2210 tuuc
581 2170 648 2210 cum
665 2149 730 2228 plus
746 2148 875 2210 valerent
891 2149 938 2208 bic
953 2148 1022 2207 boni
1037 2167 1150 2217 mores,
1174 2168 1261 2226 quun
1283 2168 1407 2228 usquam
1422 2154 1538 2231 scripte

208 2250 340 2330 Meges:
363 2259 414 2312 aut
437 2270 496 2312 nou
518 2252 615 2311 adbuc
638 2260 717 2311 tauto
739 2251 877 2331 quaelibet
899 2252 998 2310 civitas
1021 2250 1193 2327 prudentius
1208 2252 1406 2328 gubernetur,
1430 2257 1605 2332 qunnoon.

242 2352 280 2413 ab
303 2371 338 2413 ea
361 2353 478 2431 longius
499 2353 606 2413 absunt
627 2353 656 2412 bi
679 2353 865 2431 glossatores.
910 2354 952 2413 ilc
979 2351 1044 2412 illos
1074 2353 1143 2414 mibi
1165 2353 1313 2413 intueatur·
1336 2352 1438 2431 aliquis
1460 2356 1539 2432 apud

243 2453 410 2516 Raltbicum
433 2473 516 2515 mare
537 2454 682 2523 Saxones,
717 2472 804 2533 iliram
833 2454 1036 2514 incunctanter
1065 2473 1100 2514 ao
1128 2453 1206 2514 nulla
1229 2456 1334 2515 iniuria
1355 2456 1400 2515 ius
1428 2456 1537 2523 dieunt,

243 2574 302 2616 non
325 2554 469 2616 consultis
490 2556 607 2634 quidem
630 2555 686 2615 illis
707 2574 782 2634 quos
803 2555 861 2614 dixi
887 2553 1023 2633 leguleis,
1059 2575 1161 2616 rerum
1188 2575 1242 2616 suo
1269 2556 1319 2616 illo
1347 2556 1383 2616 ab
1413 2558 1539 2635 antiquis

242 2644 344 2728 more,
379 2675 447 2718 curn
475 2676 530 2717 nos
556 2658 604 2718 hic
633 2658 731 2735 viginti
760 2675 852 2717 arrnos
875 2657 950 2716 inter
972 2658 1090 2735 triginta
1113 2676 1163 2717 sex
1186 2657 1324 2718 doctores
1346 2659 1535 2735 pendeamus.

206 2759 294 2837 ”qui
315 2758 709 2838 quomodopersuadebunt
731 2759 801 2818 milri
825 2759 966 2818 doctrina
989 2759 1174 2835 opinionem,
1205 2779 1272 2820 cum
1293 2768 1338 2819 tot
1359 2779 1467 2830 arrnos,
1494 2768 1605 2821 tolero.

242 2860 382 2938 perlectis
403 2859 613 2925 voluminibus,
644 2860 773 2920 iuvenire
796 2860 865 2938 quid
889 2861 959 2920 iuris
982 2878 1040 2919 uon
1064 2861 1194 2937 possint?
1227 2861 1360 2922 Obscure
1383 2862 1471 2938 igitur
1493 2863 1537 2921 in·

241 2960 414 3041 telligimus,
437 2962 503 3041 quis
525 2960 582 3022 alat
603 2962 673 3021 istas
695 2963 724 3022 in
747 2962 902 3023 Germania
926 2963 1143 3030 contentiones
1173 2963 1243 3022 istas
1266 2963 1443 3030 discordias,
1472 2965 1538 3041 quis

241 3064 387 3124 intestinis
408 3063 493 3124 bellis
515 3071 670 3124 connectat
691 3065 853 3141 principes,
876 3063 1093 3141 rebuspubbcis
1116 3063 1258 3124 turnultus
1281 3064 1414 3133 iniebat,
1438 3068 1535 3125 omnia

240 3164 435 3226 seditionibus
457 3164 594 3243 impleat?
617 3164 658 3224 Ex
682 3165 727 3224 bis
750 3166 897 3244 quendam
919 3166 1000 3232 novi,
1031 3165 1174 3242 insignem
1197 3166 1328 3235 asinum,
1357 3166 1436 3244 quod
1466 3166 1603 3227 militen.

206 3267 371 3338 revidetur,
401 3266 481 3346 quod
505 3267 575 3344 ipsi,
605 3266 851 3336 iureconsultum,
882 3267 932 3343 qui
954 3266 1110 3345 aliquando
1134 3265 1219 3326 simul
1242 3266 1429 3328 audientibus
1451 3269 1537 3330 nobis

240 3368 338 3447 Papiae
360 3368 432 3429 illud
455 3368 527 3429 iuris
550 3367 685 3429 cirlumeu
709 3368 856 3437 lasonem,
891 3388 958 3428 cum
981 3370 1006 3428 is
1029 3368 1218 3447 prodegerat,
1252 3388 1286 3428 ao
1314 3368 1414 3430 miultis
1443 3371 1537 3430 citatis

240 3470 395 3531 autoribus
423 3469 582 3530 subiiceret
614 3477 654 3530 ‘et
682 3469 847 3529 :llexamlcr
876 3469 913 3529 de
934 3468 1025 3529 lmola
1055 3489 1090 3529 ae
1117 3471 1277 3548 sequaces',
1312 3490 1472 3532 conversus
1499 3471 1536 3532 ad

241 3576 408 3650 proximum
432 3572 577 3650 quaesirit,
600 3572 666 3648 quis
688 3569 736 3630 illc.
759 3578 836 3631 esset
859 3571 1020 3649 Sequaces:
1044 3571 1164 3649 putabat
1181 3574 1309 3632 cuiniex
1325 3572 1538 3651 glossatoribus

240 3675 290 3733 uni
313 3672 483 3754 ‘Sequaces'
506 3690 615 3733 nomen
639 3690 712 3733 esse.
758 3680 787 3731 at
810 3672 887 3733 idem
903 3672 966 3736 ille.
991 3672 1084 3752 qualis
1100 3673 1193 3751 qualis
1210 3680 1270 3744 est,
1293 3693 1388 3752 nuper
1405 3694 1440 3736 ex
1455 3674 1535 3735 ltalia

306 3959 313 3994 ¹
328 3962 444 4027 negotio
457 3961 524 4012 Bao.
533 3963 558 4011 6.
611 3959 792 4025 'Srrperbiro
806 3976 886 4024 nrorp.
895 3962 928 4009 Ι).
982 3958 992 3991 ³
1006 3949 1166 4012 conluxnatix
1179 3963 1266 4013 ABI).
1282 3961 1471 4013 consumatum
1479 3966 1534 4013 (3.5.

239 4044 615 4111 *υιτιιοιιετινκανρλλ
668 4042 836 4109 'sphongiu-
847 4046 936 4094 siml).
989 4045 1122 4109 ⁹praeci1'r
1138 4050 1168 4097 1).
1199 4048 1316 4112 pretium
1331 4052 1388 4098 dd.
1443 4048 1461 4080 ¹¹
1482 4051 1534 4099 Ra-

239 4129 319 4181 bnlae.
332 4126 414 4196 rdrrp.
423 4132 455 4181 D.
520 4130 541 4164 ¹⁸
559 4130 625 4180 boni
644 4125 742 4193 moros]
763 4128 800 4177 cl.
813 4130 905 4178 Tacit.
921 4129 1012 4178 Germ.
1028 4146 1050 4179 c.
1068 4129 1106 4180 19.
1173 4129 1194 4162 ¹⁵
1213 4130 1394 4182 Gloll'atoros.
1413 4135 1534 4197 morell.

240 4212 419 4279 glossatores]
438 4216 498 4266 Non
518 4216 627 4280 proprie
646 4213 687 4263 sio
706 4214 796 4263 dictos
814 4213 885 4274 vult,
912 4213 939 4261 id
964 4219 1006 4263 est
1025 4214 1152 4264 doctores
1176 4217 1221 4279 qui
1242 4222 1305 4265 ente.
1325 4217 1445 4281 glossam
1464 4217 1534 4266 ordi·

239 4301 346 4350 nariam
366 4317 391 4366 q.
405 4315 431 4350 v.
445 4300 513 4349 iuris
532 4301 624 4349 lentes
643 4298 822 4363 interpretati
840 4304 916 4356 sunt,
937 4298 986 4347 sed
1005 4315 1052 4348 eos
1072 4301 1117 4363 qni
1136 4301 1283 4349 seientiam
1303 4315 1381 4350 strom
1393 4302 1534 4365 praecipue

240 4400 271 4433 ex
288 4384 393 4450 glossis
415 4389 565 4434 sumerent.
636 4381 657 4415 ¹⁷
676 4382 808 4433 Saxones.
827 4384 946 4447 morel).
1017 4381 1203 4432 ”Pernicies
1224 4384 1389 4434 Germanice.
1412 4388 1533 4449 nrmle.

239 4465 675 4535 ⁵1u0nemJer.suprap.177.
734 4463 824 4518 Ialon.
842 4469 963 4532 murel).
1022 4466 1044 4498 ²⁷
1063 4468 1224 4517 authoribus
1237 4468 1270 4517 B.
1330 4472 1485 4519 Aterander
1503 4472 1535 4520 de

243 4551 321 4604 ruera
338 4554 357 4603 i.
372 4553 504 4604 e.1molre
516 4559 613 4616 natus,
633 4569 655 4606 s.
672 4553 815 4617 Tortnpnua
834 4552 878 4608 (de
897 4553 1076 4617 Tartagnis),
1089 4552 1151 4601 inde
1172 4551 1207 4600 ab
1227 4566 1251 4600 a.
1263 4551 1337 4604 1450.
1357 4557 1462 4621 Popiae,
1482 4557 1534 4606 Bn-

242 4639 342 4700 nonina¹
362 4638 512 4701 Ferrariae,
532 4639 665 4689 Bononiae
684 4639 797 4697 iterum,
817 4638 942 4698 Patavii,
963 4638 1092 4686 llononiae
1111 4637 1236 4698 tertium,
1262 4653 1347 4703 usque
1368 4640 1402 4689 ad
1420 4647 1535 4691 mortem

242 4725 276 4782 (r.
291 4722 378 4788 ΗΠ.)
393 4723 436 4773 ins
449 4723 534 4774 civile
547 4724 655 4784 docuit,
676 4724 717 4773 ita
730 4729 760 4772 nt
778 4738 870 4772 ararem
883 4724 974 4771 doctor·
988 4724 1195 4780 cluentissimus,
1215 4727 1442 4776 eccellentissimo
1453 4730 1534 4791 lepino

242 4808 387 4867 normico,
414 4811 523 4858 cennius
545 4815 571 4858 et
590 4809 773 4872 sennensium
795 4809 887 4857 doctor
912 4809 1163 4872 cognominaretur.
1205 4808 1282 4858 Inter
1304 4808 1456 4874 discipulos
1475 4812 1536 4860 eius

244 4893 361 4942 eminent
381 4891 476 4951 Iason,
501 4893 619 4943 Bartdol.
632 4894 752 4951 Socirma,
777 4892 947 4957 Boloprrinus,
974 4894 1137 4943 Lnnccltotua
1157 4895 1257 4942 necere.
1294 4895 1337 4944 Ul.
1356 4895 1462 4946 Snviuii
1483 4897 1534 4945 iur.

245 4973 314 5026 Rom.
333 4992 385 5042 per
402 4977 473 5028 med.
487 4993 535 5028 rev.
548 4978 614 5028 bist.
627 4978 674 5028 vl.
689 4995 715 5043 p.
726 4975 783 5028 312.
792 4994 851 5043 sqq.
921 4976 942 5008 ²⁹
962 4979 1112 5042 sequaces.
1131 4981 1251 5044 merul).

1253 5062 1316 5122 12*
