3917 5950
368 637 439 708 144
476 650 562 702 LVII.
576 638 843 720 uv‘rrnuvsrnvuun
852 666 962 703 cononi
972 664 1541 708 nsscotunvsAvo.vmn.n.1².1v1..n.1ttl.

364 842 455 899 super
468 824 601 882 omnibus
616 826 799 897 priuilepiis,
819 824 1069 900 Immunitatibus,
1091 828 1237 901 Induitis,
1264 828 1440 901 honoribus,
1464 831 1658 917 preeminen-

364 929 428 998 tiis‚
453 928 577 999 prodis,
605 934 633 982 et
658 925 839 984 libertatibus
860 928 952 986 libere
976 930 1031 1000 uti,
1056 928 1138 1000 frui,
1165 937 1195 989 et
1217 931 1354 1003 paudere
1379 931 1489 991 debeas
1511 939 1540 990 et
1557 934 1659 1005 possis,

365 1028 470 1102 quibus
496 1028 590 1113 cqteri
615 1026 701 1116 Poeiq
722 1042 742 1083 a
767 1029 848 1086 nobis
868 1028 1015 1088 Laurenti
1034 1047 1072 1088 ac
1095 1029 1234 1090 Oratores
1252 1030 1351 1102 fructi
1368 1039 1438 1091 sunt
1457 1040 1486 1092 et
1505 1035 1554 1091 usi
1571 1031 1660 1104 suere

308 1147 415 1200 §.usca
442 1127 653 1202 quomodolibet
674 1128 809 1199 paudent
832 1132 1042 1189 consuetudine
1069 1135 1116 1190 rol
1137 1133 1175 1191 de
1199 1135 1273 1192 iure.
1314 1133 1355 1193 Et
1380 1137 1512 1210 amplius
1534 1140 1567 1192 ut
1588 1134 1661 1192 ube-

363 1233 439 1291 riori
454 1232 557 1303 pratia
572 1236 674 1286 nostra
688 1237 715 1286 te
733 1239 921 1304 prosecutum
935 1235 1058 1303 sentias,
1086 1231 1124 1292 Te
1140 1234 1265 1293 mindam
1288 1235 1462 1294 Vdalricum
1479 1252 1548 1295 cum
1563 1238 1681 1294 omni-s

364 1334 417 1390 bus
439 1333 535 1404 bonis,
562 1330 664 1401 rebus,
688 1332 863 1398 actionibus,
885 1340 915 1390 et
934 1334 1049 1392 iuribus
1070 1335 1127 1393 tuis
1148 1342 1208 1393 tam
1225 1337 1415 1426 presentibus
1437 1352 1529 1411 quam
1546 1335 1662 1421 suturis

364 1438 394 1493 in
414 1442 544 1492 nostram
566 1442 594 1491 et
618 1436 701 1492 socri
721 1435 840 1508 imperii
856 1437 1084 1508 protectionem,
1111 1438 1259 1496 tuitionem
1285 1446 1314 1496 et
1333 1438 1586 1512 saluapuardiam
1608 1454 1661 1497 as·

362 1538 553 1610 sumpsimus,
579 1542 608 1593 et
628 1537 810 1609 occepimus,
838 1543 929 1609 prout
949 1543 1050 1596 tenore
1067 1542 1251 1627 prfserttiitnt
1272 1556 1414 1613 expresse
1431 1541 1612 1599 assumimus
1634 1547 1661 1598 el

364 1641 543 1712 accipimus,
573 1637 764 1695 concedentes
788 1636 841 1695 libi
859 1645 887 1695 et
913 1639 1090 1711 elorpientes
1106 1637 1152 1697 'ut
1177 1641 1262 1714 apud
1280 1643 1394 1699 rinellum
1416 1644 1510 1700 alium
1533 1642 1660 1701 iudicem

363 1757 452 1814 quam
474 1739 559 1814 opud
579 1755 644 1808 nos,
671 1748 698 1795 et
718 1737 908 1796 Successorcs
934 1745 1048 1798 nostros
1070 1739 1271 1802 Romanorum
1293 1741 1390 1815 Repes
1410 1750 1440 1801 et
1460 1743 1606 1834 Gqsares,
1634 1750 1662 1801 et
1673 1758 1695 1798 to

363 1844 516 1902 consilium
538 1847 669 1898 nostrum
690 1847 719 1897 el
743 1855 845 1898 eorum
865 1842 894 1898 iu
919 1842 966 1899 ius
995 1844 1096 1900 uocari
1121 1850 1150 1901 ct
1177 1845 1239 1901 iuri
1251 1850 1340 1901 stare
1361 1846 1460 1918 possis
1485 1855 1515 1903 et
1543 1845 1661 1904 debeas.

307 1956 352 2006 §.u
365 1945 547 2003 Mondantes
568 1944 676 2000 iccirco
698 1943 842 1999 uniuersis
862 1949 891 1999 et
915 1944 1041 2015 sinpalis
1068 1946 1152 2002 socri
1172 1943 1226 2003 Bo.
1244 1943 1370 2020 Imperii
1387 1946 1581 2021 Principibus
1602 1954 1662 2005 tam

365 2046 579 2106 Ecclesiasticis
599 2058 688 2117 quam
707 2042 1201 2133 sacularibusbCommonitotibus,
1239 2046 1494 2119 Vniversilatibus,
1525 2048 1663 2121 Collcpiis

362 2157 391 2207 et
408 2147 538 2207 Subdilis
559 2161 799 2219 quorumcunque
818 2148 949 2204 locorum
972 2164 1031 2220 per
1052 2150 1220 2206 uriioersum
1247 2155 1379 2206 nostrum
1402 2148 1571 2209 Romanum
1590 2149 1659 2208 Im-

273 2274 275 2276 ·
327 2298 330 2305 .
360 2253 477 2326 perium
498 2251 633 2320 sitorum,
656 2249 856 2321 mutescuntque
876 2251 935 2306 sint
955 2249 1144 2322 conditionis,
1159 2249 1293 2322 prodas,
1318 2251 1434 2309 ordinis
1455 2259 1484 2310 el
1503 2259 1608 2322 status,
1629 2259 1692 2310 ulis

363 2360 390 2411 te
406 2354 465 2411 liae
481 2362 599 2421 nostra,
628 2365 717 2422 quam
739 2349 792 2407 tibi
813 2351 917 2421 torpiti
936 2366 1037 2408 sumus
1058 2351 1216 2423 diqnitate,
1237 2367 1276 2411 ac
1295 2352 1427 2411 omnibus
1449 2356 1662 2427 praeropatim's

362 2462 391 2514 et
405 2453 569 2526 insipnibus
589 2453 652 2510 eiius
672 2452 892 2524 qualiacunque
911 2452 949 2509 de
970 2454 1036 2510 iure
1048 2458 1079 2511 cl
1091 2449 1301 2522 coriumludt'ne
1315 2461 1484 2526 seruantur,
1506 2457 1563 2526 uti,
1582 2453 1660 2526 frui,

361 2557 497 2630 pauciore
517 2560 546 2613 et
563 2554 658 2627 potiri
677 2554 867 2626 permittant,
897 2569 953 2611 nec
973 2570 1032 2612 non
1055 2560 1083 2612 tc
1106 2562 1211 2613 contra
1235 2554 1408 2644 prfdictom
1429 2562 1563 2614 nostram
1582 2572 1661 2630 pro-

364 2661 513 2718 tectionem
540 2657 702 2729 impulsare
731 2664 784 2712 oret
810 2657 964 2712 molestare
991 2656 1139 2714 ullatenus
1160 2662 1341 2745 prpsumont
1368 2656 1480 2716 directe
1508 2660 1554 2715 uel
1576 2658 1662 2716 indi-

308 2766 455 2833 qurecte,
482 2759 536 2818 sub
554 2773 647 2832 pontu
664 2756 877 2829 iudipnntiouis
898 2761 997 2843 nostre
1013 2743 1190 2847 probissimq
1214 2774 1252 2817 aa
1272 2758 1440 2831 quindecim
1461 2758 1693 2818 morcltorumm

363 2866 435 2922 auri
452 2863 538 2936 puri,
566 2875 642 2933 quas
670 2857 921 2929 contrafacientes
943 2860 1047 2917 totiens
1074 2862 1206 2933 quotiens
1232 2858 1453 2935 contrafactum
1475 2858 1575 2931 suerit
1596 2864 1660 2936 ipso

360 2964 447 3038 sacto
461 2964 623 3023 iactarisse
637 2961 827 3021 declurunuis
838 2979 897 3036 per
909 2969 1071 3050 prqseutcs.
1097 2961 1229 3031 Ouctrum
1245 2961 1366 3036 quidem
1378 2962 1563 3022 medietatem
1574 2962 1660 3052 Iq'ra-

337 3113 341 3121 .
361 3071 408 3127 rio
416 3074 516 3126 nostro
529 3066 670 3153 Cqsareo,
693 3064 840 3137 reliquam
861 3079 929 3122 aero
941 3071 1059 3137 partem
1072 3066 1117 3122 tui
1143 3063 1279 3122 b'dalrici
1291 3067 1377 3139 possi
1397 3067 1541 3123 iniuriam
1559 3065 1660 3124 usibus

363 3172 550 3229 deceruimus
564 3163 789 3242 applicandam.
827 3165 943 3224 Horum
960 3168 1122 3238 testimonio
1139 3166 1294 3224 literarum
1312 3165 1412 3239 Sipilli'
1426 3168 1522 3225 nostri
1538 3183 1656 3243 appen-

295 3281 314 3331 t·
323 3281 353 3323 ¹⁰·
364 3275 445 3332 sione
466 3273 657 3330 munitorum.
701 3266 781 3327 bod.
795 3269 956 3327 incivitate
971 3261 1072 3326 nostra
1087 3267 1246 3340 Imperioli
1260 3269 1394 3340 Aupusta
1405 3268 1461 3326 Die
1482 3243 1692 3330 duodecimam

363 3376 476 3433 Mensis
491 3374 565 3432 Iulii
580 3372 664 3429 Arina
678 3371 798 3430 Domini
813 3369 971 3429 Millesimo
991 3369 1223 3442 Ouinpentesimo
1243 3370 1356 3428 decimo
1375 3371 1513 3444 septimo,
1535 3369 1660 3443 Repro-

362 3493 429 3534 rum
448 3482 613 3533 nostrmum
629 3472 759 3531 Rotnani
776 3470 1096 3543 Tricesimo'secundo,
1124 3471 1286 3558 Huuparip
1307 3487 1376 3529 itero
1396 3472 1532 3530 uicesimo
1548 3479 1660 3533 octaua.

446 3576 686 3635 ubuuimiliauus.
901 3573 951 3631 Ad
963 3574 1137 3633 mandatum
1154 3573 1300 3632 Caesareis
1319 3575 1432 3633 maiest.
1445 3575 1616 3648 proprium.

1119 3674 1291 3736 Scrnteiner
1313 3690 1394 3751 mpp.

954 3926 1019 3987 ,2,
1666 3956 1691 3997 u

429 4066 470 4116 Ad
482 4066 560 4115 Petri
573 4065 684 4131 Aegidii
702 4064 924 4128 lamentationis,
945 4079 1000 4129 qua
1013 4063 1118 4114 Genius
1134 4062 1321 4115 Maximiliani
1335 4062 1456 4113 Caesaris
1475 4068 1593 4115 mortem
1612 4063 1658 4112 de·

361 4152 466 4218 plorat,
485 4152 536 4202 hos
554 4166 650 4202 versus

665 4236 721 4299 „At
737 4250 786 4285 vos
806 4239 870 4284 ante
890 4232 961 4283 alios
980 4233 1042 4298 quis
1061 4232 1189 4283 manibus
1207 4233 1297 4283 sacris

665 4322 760 4371 Caesar
779 4319 932 4370 contribuit
950 4322 1027 4367 serto
1044 4319 1180 4381 virentia,

361 4495 445 4543 LVII.
471 4495 494 4543 2.
533 4495 595 4543 Rer.
610 4492 799 4541 Germanicar.
814 4488 970 4554 Scriptores
994 4505 1027 4537 ex
1050 4488 1117 4538 bibl.
1130 4489 1218 4552 Morq.
1232 4486 1347 4537 Froheri
1372 4501 1428 4535 cur.
1442 4486 1474 4547 B,
1489 4484 1522 4536 G.
1536 4486 1657 4537 Struvio.

656 4630 658 4634 ‚
708 4582 772 4625 tom.
786 4577 822 4626 11.
836 4576 982 4639 Argentor.
997 4572 1070 4622 1717.
1085 4570 1133 4621 fol.
1147 4589 1174 4638 p.
1187 4570 1245 4622 703.
1258 4588 1300 4637 sq.

354 4765 358 4774 .
430 4728 714 4791 ¹Imunitatibirs‚A.
773 4729 891 4780 Indultis
909 4727 1060 4779 honoribus
1073 4724 1098 4779 1.
1159 4724 1256 4775 ³frcti
1270 4726 1304 4774 Α.
1324 4724 1391 4786 freti
1405 4727 1429 4773 l.
1444 4727 1472 4774 2.
1533 4724 1658 4776 'Salva-

362 4813 487 4878 gordiam
502 4816 559 4862 1.2.
612 4812 858 4864 8ιιΐειιιιῖιίιιιιιεΑ,1
901 4812 923 4845 ¹⁷
942 4814 1085 4864 serventur
1097 4815 1123 4861 2.
1177 4810 1200 4842 ²⁰
1218 4810 1384 4875 gravissima
1396 4813 1422 4859 2.
1481 4809 1657 4859 Mnrchnrum

363 4903 419 4950 tt.
439 4899 523 4948 Elinia
534 4904 560 4949 iu
573 4898 750 4962 A.posterior
761 4916 848 4949 monus
859 4898 981 4949 indidith
1033 4892 1200 4948 ²¹incurisso
1213 4896 1248 4944 A.
1302 4892 1513 4945 ¹³Aerariolr2.
1568 4892 1590 4925 ²⁴
1610 4910 1656 4960 ap·

361 4986 518 5052 plicandum
530 4987 556 5034 2.
606 4981 823 5035 ιθΜίΙΙοΓιιιιίΑ.
877 4981 1118 5048 ”Submipriom
1135 4980 1346 5032 amomum.
1399 4978 1656 5030 MuimialiantA.

1061 5090 1073 5119 ί
