3917 5950
348 679 473 732 ccxm.
487 686 788 730 nx‘unnnsniconsnm
799 689 1094 728 announcement..
1105 688 1530 730 cennomannis-nonnitus.
1567 657 1641 734 443

347 869 402 928 qne
423 859 468 909 est
489 854 541 926 qui
560 870 617 909 non
639 855 684 909 vel
705 852 826 909 lutheri
846 854 883 907 sit
905 852 949 908 uel
970 850 1104 919 Hatteni,
1131 852 1161 907 id
1182 851 1297 922 estqui
1316 867 1374 906 nan
1401 851 1432 906 in
1458 852 1515 906 illis
1537 850 1644 908 Christi

346 941 481 1011 spiritum
512 939 673 1008 Christique
701 940 861 995 doctrinam
889 939 1036 1009 aqnouerit
1108 979 1114 991 .
1132 964 1155 991 .·
1156 978 1260 991 .....
1305 934 1364 990 Sed
1384 953 1471 1007 qaum
1499 954 1554 993 non
1573 954 1641 1009 pos-

346 1031 408 1080 sent
434 1024 575 1095 perferre
602 1025 729 1079 homines
757 1024 965 1091 delicatissimi,
999 1028 1057 1077 tum
1085 1022 1229 1076 tricesimas
1255 1018 1392 1092 pontifex
1420 1020 1569 1077 Romanus
1596 1024 1664 1078 ille·

347 1125 436 1164 anesus
458 1116 501 1163 est
522 1110 653 1164 nonnihil
674 1117 778 1164 temere
801 1123 887 1180 aqere
908 1111 938 1164 in
961 1111 1080 1179 optimos
1095 1109 1184 1188 ahos,
1207 1108 1410 1177 consiliumque
1424 1107 1500 1172 iniit,
1524 1113 1554 1162 ut
1570 1109 1642 1164 occi-

323 1198 442 1260 tieret,
473 1201 571 1260 ratus,
598 1199 631 1249 ul
658 1195 684 1250 si
709 1195 797 1249 semel
818 1195 955 1249 tollantur
977 1195 1033 1261 illi,
1056 1194 1151 1249 statim
1173 1193 1338 1247 anniuersnm
1360 1193 1519 1248 extinctam
1540 1195 1578 1270 sit
1598 1195 1642 1249 in·

345 1282 486 1335 cendium.
530 1279 590 1334 Pro
612 1294 643 1335 se
665 1285 759 1335 tamea
782 1279 855 1334 nihil
874 1281 944 1351 eqit,
972 1280 1049 1350 quod
1070 1279 1183 1333 notiora
1204 1279 1260 1331 sint
1281 1278 1358 1332 illius
1376 1275 1529 1349 facinora,
1555 1295 1642 1349 quam

346 1373 376 1420 nt
405 1363 525 1435 defendi
547 1365 660 1435 possint
692 1367 737 1420 uel
763 1364 880 1419 testibus
906 1350 1125 1429 ὗποτυπώσεως
1146 1367 1248 1434 eqeont
1397 1362 1467 1418 Tela
1487 1365 1522 1419 lis
1544 1371 1587 1420 est
1606 1365 1642 1419 de

346 1451 478 1505 airrdiciis
498 1451 655 1504 secundum
684 1451 844 1505 libertatem
871 1454 899 1503 et
926 1450 1004 1520 quod
1024 1451 1089 1504 illos
1109 1448 1226 1503 liberius
1247 1446 1416 1510 monuerint.
1461 1464 1514 1532 nee
1535 1463 1642 1522 neqore

344 1541 467 1605 possunt
494 1550 525 1589 se
552 1550 618 1589 reos
644 1550 706 1590 esse
733 1537 754 1589 ii
779 1536 831 1606 qui
857 1536 937 1590 nohis
958 1537 988 1589 in
1010 1534 1064 1590 hoc
1086 1535 1201 1605 neqoeio
1223 1532 1368 1587 obsistunt.
1414 1531 1496 1600 (hinad
1516 1551 1581 1590 curn
1602 1537 1643 1590 ita

313 1620 337 1667 ¹⁰
347 1623 398 1685 sit,
422 1621 493 1690 qaid
512 1634 628 1674 mouere
651 1636 707 1675 nou
730 1621 890 1675 debuerunt
912 1618 1071 1675 Martinam
1093 1625 1120 1672 et
1143 1617 1315 1684 Haltennm,
1338 1620 1416 1687 quod
1436 1620 1498 1676 illas
1512 1635 1569 1675 non
1588 1636 1642 1691 pu·

346 1706 408 1760 eluit
428 1702 551 1774 facere?
574 1745 776 1759 .........
829 1703 925 1759 Videte
939 1706 1049 1775 iqitnr,
1078 1703 1255 1759 invictissimi
1271 1703 1433 1773 principes,
1462 1720 1548 1774 qaam
1570 1706 1643 1760 indi·

346 1806 433 1861 qnam
456 1791 493 1844 sit
515 1790 589 1843 mole
610 1791 718 1845 mereri
738 1790 773 1844 de
795 1790 865 1844 hene
887 1791 1010 1856 meritis,
1034 1790 1084 1861 qai
1105 1803 1141 1843 ne
1163 1802 1215 1842 nos
1232 1789 1411 1858 periremus,
1434 1796 1534 1860 sponte
1548 1805 1580 1845 se
1595 1792 1643 1845 de·

346 1876 453 1929 derant
480 1875 654 1941 discrimini,
688 1881 715 1929 el
743 1875 899 1929 anathema
926 1882 1064 1944 optarunt
1092 1888 1154 1930 esse
1181 1890 1239 1944 pro
1269 1870 1417 1943 fratribus
1444 1877 1495 1944 qui
1519 1881 1587 1930 sunl
1613 1875 1643 1929 in

348 1959 477 2013 Christo:
506 1961 597 2029 maqis
619 1975 687 2014 aero
712 1959 875 2015 honorandi
901 1966 983 2026 sant,
1013 1977 1071 2015 non
1098 1959 1175 2030 quod
1198 1958 1261 2014 heae
1288 1945 1373 2013 velint
1400 1959 1469 2029 ipsi,
1498 1962 1550 2015 sed
1575 1960 1643 2030 quia

313 2045 463 2114 ¹⁵diqnum
484 2049 526 2097 est
545 2059 602 2113 pro
621 2046 744 2114 pietate,
764 2060 821 2114 pro
839 2047 956 2114 patria,
978 2061 1034 2116 pro
1056 2045 1133 2100 vohis
1149 2043 1332 2114 principibus
1344 2046 1541 2114 papnuntihns
1555 2048 1643 2102 uicem

346 2129 470 2182 recalere
491 2129 725 2200 maqnificentioe,
754 2146 810 2201 quo
833 2131 872 2184 ad
892 2131 1006 2185 illorum
1029 2131 1147 2185 virtutes
1169 2129 1301 2201 epreqias
1318 2129 1442 2198 posthac
1463 2132 1553 2185 ceteri
1573 2147 1642 2200 qao·

346 2227 401 2284 que
424 2215 552 2267 audeaut
567 2219 594 2267 et
608 2216 720 2269 maiora
742 2222 882 2270 conentur
898 2216 1020 2286 ndqredi
1034 2253 1526 2270 .....................
1526 2206 1528 2211 ’
1562 2215 1641 2269 Hac·

346 2304 430 2352 terius
458 2301 600 2353 rationem
628 2300 753 2362 reddidi,
781 2300 963 2369 quamohrem
991 2314 1021 2355 se
1050 2299 1238 2368 opposuerint
1258 2296 1390 2353 Romano
1413 2299 1546 2370 pontifici
1567 2299 1642 2354 Hul-

346 2382 660 2449 transmitteremus,
690 2386 810 2439 necdum
832 2386 897 2439 dixi
917 2385 995 2454 quad
1014 2384 1212 2448 institueram,
1242 2389 1270 2438 et
1291 2384 1368 2452 quod
1394 2399 1443 2438 res
1470 2386 1535 2455 ipso
1557 2384 1641 2455 estla-

310 2468 430 2538 mqitat,
466 2468 594 2522 uidelicet
621 2485 707 2539 quam
735 2470 839 2524 iniuste
867 2477 986 2523 conetur
1011 2468 1136 2540 perdere
1164 2470 1337 2522 innocentes.
1382 2466 1462 2524 Idem
1488 2470 1534 2524 ille
1562 2469 1644 2523 toties

346 2552 485 2620 repetitus
508 2551 735 2608 Christianorum
758 2554 919 2624 Epicurus,
945 2557 1145 2625 praeposterus
1168 2552 1251 2618 Cato,
1282 2553 1378 2606 ambos
1399 2558 1520 2608 uenatus
1541 2559 1583 2608 est
1605 2554 1645 2608 ad

345 2642 480 2701 mortem,
504 2652 556 2691 nec
579 2640 719 2692 rationem
742 2637 827 2693 hahet
849 2640 932 2693 homo
952 2638 1218 2710 pertinacissimus,
1242 2653 1329 2707 qnam
1351 2640 1424 2693 male
1446 2644 1593 2693 mereatur
1608 2640 1643 2693 de

345 2721 458 2789 optimis
481 2723 558 2776 airis.
604 2723 673 2777 Esto
696 2725 737 2779 illi
758 2724 860 2778 hulcus
882 2724 1005 2795 tetiqcrit
1023 2722 1183 2790 Huttenns,
1206 2723 1269 2792 quis
1292 2726 1386 2778 nutem
1409 2740 1466 2779 non
1488 2724 1644 2794 aliquanda

344 2806 460 2876 irnpeqit
482 2807 511 2860 in
535 2807 638 2862 uerba?
668 2806 701 2862 Si
718 2823 844 2879 prorsus
865 2809 958 2863 scelus
980 2815 1024 2864 est
1044 2809 1193 2877 corripere
1212 2807 1366 2876 praelatos,
1388 2809 1435 2863 ille
1453 2823 1545 2878 neque
1565 2824 1643 2878 prae-

310 2890 469 2944 macretas
491 2896 548 2957 est,
573 2907 625 2946 nec
647 2909 745 2947 coram
768 2893 884 2948 testibus
906 2899 1067 2962 correptas.
1114 2890 1174 2957 Quo
1197 2891 1284 2962 iqitur
1306 2892 1370 2946 iure
1391 2893 1432 2945 ita
1454 2893 1642 2963 improemedi·

346 2980 404 3029 tate
427 2976 588 3031 trahendus
610 2978 640 3031 in
662 2985 799 3033 mortem?
837 2978 868 3033 Si
883 2977 951 3048 sur,
980 2978 1007 3031 si
1028 2976 1185 3041 homicida,
1214 2976 1240 3029 si
1262 2977 1406 3045 veneficus
1427 2984 1515 3043 esset,
1545 2979 1643 3047 atique

345 3059 417 3113 nihil
437 3059 541 3130 suisset
564 3066 669 3117 temere
692 3064 849 3134 aqendnm:
879 3062 999 3115 scehinde
1022 3066 1133 3131 tempus
1155 3061 1282 3115 claudum
1304 3067 1390 3125 esset,
1419 3077 1475 3130 qao
1500 3065 1644 3131 purqaret

345 3159 422 3198 sese:
454 3152 561 3215 quanto
584 3148 675 3218 maqis
697 3147 768 3201 nihil
789 3148 930 3218 oqendum
951 3144 1056 3216 frivole
1078 3148 1108 3200 in
1130 3159 1194 3200 eum
1217 3146 1267 3214 qui
1292 3149 1332 3198 tot
1359 3144 1464 3200 haheat
1493 3152 1584 3203 testes¹
1599 3145 1642 3198 in·

346 3232 498 3295 nocentiae,
527 3232 577 3302 qui
598 3249 616 3285 a
639 3238 696 3285 tarn
718 3232 815 3286 multis
835 3247 949 3301 semper
969 3231 1110 3300 probatus
1131 3230 1241 3297 extitit,
1270 3246 1288 3282 a
1308 3234 1350 3284 tat
1371 3230 1474 3295 doctis,
1503 3235 1543 3283 tot
1564 3228 1642 3284 nehi-

312 3314 436 3379 wlleus,
463 3320 503 3368 tot
521 3317 715 3386 principibus,
744 3322 801 3370 tam
824 3317 906 3388 lonqo
929 3321 1055 3387 tempore
1077 3323 1105 3372 et
1126 3328 1165 3371 en
1187 3320 1245 3368 tom
1267 3314 1348 3369 claro
1369 3320 1516 3369 stemmate
1537 3330 1642 3386 eaqua-

346 3405 400 3453 tus.
448 3398 517 3464 Qntis
538 3417 634 3469 qaeeso
656 3401 744 3456 lihere
771 3401 894 3471 posthac
916 3400 1090 3472 praedicabit
1111 3401 1301 3473 evanqelium,
1331 3401 1358 3453 si
1383 3406 1442 3453 tam
1469 3414 1560 3470 qroue
1587 3399 1643 3453 erit

346 3483 450 3538 oredire
472 3493 589 3540 uerum?
613 3528 691 3540 ....
736 3486 851 3541 Fuisset
871 3487 965 3556 primo
987 3487 1159 3545 monendus:
1189 3485 1290 3539 deinde
1312 3484 1339 3537 si
1355 3484 1537 3554 pertinacior
1559 3483 1642 3555 (qaa-

345 3569 399 3621 lcm
423 3575 517 3623 tamea
546 3571 592 3623 ille
618 3584 649 3624 se
677 3576 762 3641 neqat
783 3571 939 3640 extitisse),
968 3572 1066 3641 polam
1088 3573 1118 3624 in
1140 3572 1185 3625 ins
1208 3569 1368 3628 uocarndasr
1395 3575 1541 3639 postremo
1564 3569 1645 3639 opud

346 3668 430 3707 scriem
453 3654 582 3708 iudicem.
621 3654 684 3709 Iam
707 3670 799 3725 neque
821 3656 850 3708 in
870 3657 969 3725 palam
992 3661 1147 3710 corruentas
1169 3660 1226 3721 est,
1250 3667 1341 3724 neque
1364 3655 1445 3724 apud
1465 3655 1573 3710 iudices
1594 3656 1643 3709 de·

311 3738 469 3807 ³⁵leqotas,
493 3754 541 3792 ros
562 3739 679 3809 inquam
701 3739 789 3794 duces
811 3738 1084 3812 &hristianissimos,·
1112 3741 1164 3795 sed
1185 3740 1257 3794 idem
1281 3745 1362 3794 actor
1383 3746 1411 3794 et
1432 3740 1536 3805 iudea,
1562 3741 1643 3794 eolu-

346 3823 471 3875 mniotor
492 3808 520 3875 it
542 3824 640 3877 lictor.-
675 3825 759 3878 irnmo
787 3838 915 3878 summus
942 3841 977 3879 ac
1006 3826 1151 3878 monimus
1173 3825 1300 3880 ecciesiae
1323 3830 1428 3894 pastor
1451 3822 1495 3893 (ut
1516 3826 1577 3894 ipse
1600 3824 1643 3877 in·

346 3907 419 3976 quit)
439 3909 593 3975 propriam
612 3923 690 3963 ouem
712 3909 908 3963 crudelissime
930 3910 1067 3978 expetivit
1095 3912 1124 3964 in
1153 3924 1264 3976 necem,
1291 3925 1378 3979 quom
1400 3910 1511 3979 utique,
1539 3911 1566 3963 si
1586 3924 1644 3962 non

347 3992 545 4044 mercenarius
568 3998 655 4054 essct,
684 4008 803 4047 seruare
825 3994 976 4059 deleuerat,
1007 4010 1064 4048 non
1084 3994 1222 4063 perdere,
1251 3999 1278 4047 et
1300 3994 1388 4048 linum
1415 3990 1564 4064 sumiane
1586 4008 1643 4046 uon

348 4076 534 4145 celinquere,
558 4077 609 4129 sed
630 4078 831 4131 reaccendere.
870 4080 955 4148 qnasi
977 4079 1053 4133 nohis
1075 4093 1158 4132 enses
1180 4094 1237 4132 non
1252 4079 1322 4142 sint,
1345 4078 1372 4132 si
1385 4079 1525 4147 supplicio
1540 4077 1644 4147 diqnus

311 4160 338 4204 ⁴⁰
347 4161 397 4222 sit,
422 4160 478 4212 nisi
497 4160 544 4213 ille
565 4162 725 4215 sacerdotio
747 4162 877 4232 iunqeret
906 4164 991 4217 eliam
1013 4163 1203 4218 latrocinium.
1255 4161 1357 4216 Vestra
1378 4161 1440 4217 heec
1461 4161 1569 4215 iniuria
1591 4166 1643 4224 est,

347 4258 419 4314 queas
442 4244 513 4296 talcs
535 4246 682 4299 cristinae
704 4248 754 4314 qui
774 4262 887 4316 oeqeaan
910 4248 1044 4301 nesciatis
1064 4245 1202 4317 proferre
1224 4247 1367 4301 iudicium.
1421 4244 1533 4299 Veneno
1555 4246 1642 4314 impe·

347 4328 390 4381 tiit
419 4327 559 4381 homiuem
587 4332 661 4383 clam
688 4330 811 4400 suffecta
838 4330 976 4387 monacho
1004 4332 1065 4386 eius
1091 4329 1229 4402 factionis
1254 4333 1305 4401 qui
1325 4348 1343 4383 α
1361 4331 1553 4400 pecuniarum
1576 4344 1642 4383 con-

348 4418 426 4465 tactu
455 4418 616 4481 temperant
645 4416 771 4484 quidem,
802 4431 899 4470 acrum
928 4433 945 4468 a
973 4417 1115 4485 spurcitia
1143 4421 1171 4468 et
1198 4415 1363 4470 mulieribus
1387 4430 1444 4469 non
1472 4418 1641 4484 temperant.

349 4494 418 4561 Quis
440 4512 567 4565 unquam
590 4498 643 4553 hoc
665 4514 761 4568 quaeso
783 4501 930 4554 anatolem
949 4499 1105 4567 pontifice?
1133 4500 1159 4554 si
1180 4504 1237 4553 torn
1258 4514 1347 4570 qraoe
1369 4500 1477 4553 crimen
1499 4503 1541 4552 est
1561 4511 1642 4553 uene-

313 4581 459 4649 thficium,
484 4595 575 4658 neque
598 4583 796 4637 dissimulatur
817 4585 847 4636 in
870 4582 980 4637 homine
999 4584 1129 4652 privato.
1153 4589 1260 4653 quanto
1282 4584 1373 4654 maqis
1393 4586 1423 4638 in
1438 4583 1570 4653 episcopo
1586 4596 1642 4635 non

347 4670 390 4718 est
412 4667 641 4721 connivendum?
671 4665 703 4720 Si
723 4666 838 4734 nehulo,
861 4668 888 4721 si
907 4666 1088 4737 sycophanta
1111 4667 1164 4723 hoe
1185 4670 1303 4740 episset,
1327 4669 1540 4723 trucidaretur:
1573 4683 1642 4737 qao·

414 4834 536 4909 τὁποι]
562 4847 775 4896 informationis.
798 4837 989 4916 ὖποτυπόσιος
1007 4854 1045 4896 est
1064 4850 1088 4896 in
1106 4849 1146 4897 ed.
1162 4850 1186 4897 1.
1262 4846 1283 4880 ²¹
1302 4846 1365 4900 chr.
1385 4845 1475 4913 Epis]
1495 4848 1528 4897 Iu
1546 4863 1643 4912 marem

345 4928 499 4992 Epitheton
516 4930 669 4983 Pontificis.
738 4928 760 4961 ²⁴
778 4929 808 4980 Si
826 4944 936 4995 prorsus
953 4928 1012 4995 &al
1033 4934 1061 4979 et
1079 4928 1100 4960 ³⁹
1114 4929 1203 4997 quasi]
1222 4930 1332 4981 Similia
1354 4932 1414 4998 ipse
1431 4932 1572 4983 Hnttenns
1591 4932 1642 4982 Ca-

346 5011 406 5062 rolo
429 5013 495 5078 imp.
515 5018 544 5063 et
562 5013 707 5065 Germanis
725 5015 755 5064 in
773 5014 1018 5080 conquestionibus
1036 5015 1196 5079 scripserat.
1231 5015 1366 5068 Similiter
1383 5017 1413 5068 in
1430 5016 1619 5087 sequentibus.
