3917 5950
351 594 425 671 274
582 604 717 659 dxxvrr.
738 620 861 659 serrem
874 622 910 658 aa
923 620 1056 658 aaasnvu
1069 620 1131 657 nor.
1146 620 1189 657 aa.
1203 620 1229 656 a.
1243 615 1264 657 s.
1279 619 1336 658 nur.
1352 613 1412 657 tutu.

352 788 484 861 oportet,
508 781 555 839 cui
577 780 704 839 infinitas
727 777 789 838 illas
812 779 985 838 committas.
1033 796 1133 837 rerum
1157 777 1193 837 de
1216 796 1251 837 eo
1275 795 1363 856 quem
1392 776 1453 836 hirc
1482 794 1552 836 cunr
1572 773 1641 836 libro

267 893 274 920 ¹
351 885 476 964 principi
493 881 643 940 ollercndo
659 882 775 943 misisti.
799 879 869 939 nillil
886 880 1023 959 estquod
1039 878 1249 939 sollicitussis:
1273 881 1370 938 omnia
1385 877 1518 957 pertulit.
1554 895 1642 954 neque

352 1004 408 1061 egri
430 985 548 1059 segnius
576 1000 640 1041 rem
667 982 765 1040 curari
790 987 883 1048 tuam,
915 986 943 1039 et
972 982 1135 1060 principem
1163 980 1253 1041 habui
1281 980 1318 1040 ad
1345 980 1374 1040 id
1403 979 1564 1054 negocium
1591 977 1642 1037 ala-

295 1104 443 1152 §.acrem
486 1083 551 1143 Non
574 1082 679 1157 egetiat
701 1084 850 1158 praeconio
872 1100 939 1141 meo
961 1089 1045 1141 tuum
1067 1099 1190 1150 nunnus,
1215 1081 1339 1141 ornabat
1360 1084 1457 1159 ipsum
1481 1086 1577 1140 semet
1597 1078 1643 1138 ab·

351 1187 444 1246 unde:
479 1194 512 1243 ut
532 1183 658 1258 legerulo
681 1189 884 1259 percurrerat,
916 1181 968 1241 ‘En
993 1182 1119 1258 digumn'
1148 1185 1242 1260 iuquit
1268 1183 1400 1244 ‘Erasmo
1423 1182 1503 1241 rem!
1538 1183 1580 1239 sic
1602 1179 1662 1239 illes

353 1295 383 1347 ut
405 1287 453 1345 diu
477 1284 580 1350 iaciat,
604 1283 654 1343 diu
676 1282 762 1342 nuliis
785 1282 934 1361 supersitt'
967 1291 1164 1363 precatusque
1187 1290 1231 1343 est
1253 1283 1419 1344 felicitatem
1442 1282 1495 1341 tihi
1520 1298 1643 1348 omnem,

351 1387 457 1466 plenus
479 1387 596 1463 optimae
619 1384 654 1443 do
677 1391 705 1443 te
728 1386 950 1463 spen-'quippo
971 1385 1106 1461 intelligit
1128 1403 1216 1465 quam
1243 1393 1275 1445 tu
1299 1385 1397 1445 liccem
1419 1383 1541 1448 studiis,
1570 1380 1644 1460 quod

296 1489 489 1557 §.astudiosis
511 1486 699 1546 commodum
721 1486 850 1545 irrvehas.
896 1486 982 1545 Venit
1010 1493 1075 1564 post
1103 1488 1252 1554 Stromer,
1281 1504 1349 1545 nam
1373 1487 1401 1544 iu
1424 1485 1554 1545 Saxonis
1577 1500 1645 1541 uxo·

354 1608 417 1649 rem
445 1588 569 1647 <tarxerat
598 1605 693 1665 neque
722 1588 818 1646 statim
847 1595 989 1664 sequutus
1018 1594 1081 1647 erat
1107 1588 1219 1656 aulam,
1254 1589 1303 1666 qrri
1336 1605 1403 1646 cum
1436 1592 1487 1646 tua
1522 1583 1647 1662 alioquin

353 1691 450 1749 omnia
473 1690 565 1764 uragis
588 1705 676 1766 quam
699 1687 800 1747 credat
822 1687 926 1764 aliqrris
948 1687 1124 1756 attenuetur,
1155 1696 1217 1748 tum
1243 1688 1288 1749 vel
1315 1688 1461 1766 imprimis
1488 1686 1549 1746 hoc
1577 1699 1680 1763 opusu

297 1792 465 1860 §.undarat
511 1791 688 1864 Gregorium
717 1788 865 1866 deppam,
900 1788 1026 1849 alterum
1060 1789 1201 1868 principis
1233 1789 1394 1856 medicum,
1430 1787 1525 1847 lecisti
1558 1792 1649 1844 toturn

353 1894 550 1953 Erasmicum:
586 1888 674 1948 trahet
696 1895 761 1947 titos
783 1889 901 1949 labores
923 1892 951 1948 in
974 1890 1111 1951 manibus
1133 1909 1265 1969 semper.
1296 1889 1423 1969 legitque
1452 1895 1486 1948 ut
1507 1890 1556 1947 rin
1578 1886 1650 1946 alius

353 1995 444 2054 avide.
490 1993 553 2052 lloc
575 1993 694 2050 nomine
717 1992 885 2050 irascuntur
907 1991 959 2051 tini
981 1991 1079 2057 multi.
1110 1993 1189 2071 qrrod
1213 2011 1247 2052 ex
1270 1991 1390 2051 Medic-is
1418 1993 1500 2052 airrnt
1524 1987 1649 2048 Theolo-

353 2113 407 2170 gos
430 2094 528 2154 lacere
551 2097 588 2152 te.
626 2095 683 2152 ianr
707 2100 736 2151 et
756 2091 967 2152 lureconsultis
989 2092 1130 2153 molestus
1152 2112 1184 2152 es
1207 2093 1348 2172 quosdam
1363 2111 1380 2152 a
1396 2090 1540 2153 Barthole
1556 2097 1650 2149 trans·

355 2188 455 2255 uersos
477 2211 582 2270 agens,
607 2195 656 2272 qui
679 2195 707 2253 in
730 2196 787 2253 tuis
809 2212 888 2254 nrrnc
910 2196 1039 2254 otiantur
1061 2195 1163 2254 relicto
1186 2195 1302 2274 penitus
1324 2193 1399 2252 loro.
1444 2193 1570 2253 eandem
1593 2188 1690 2249 cla-n·

355 2298 423 2356 dem
445 2294 701 2370 Tlreologistarum
722 2296 818 2354 strutio
841 2314 908 2355 cum
931 2294 1078 2360 intuleris,
1108 2295 1205 2355 adhuc
1226 2296 1342 2355 miraris
1364 2295 1445 2374 quod
1466 2300 1495 2354 te
1519 2291 1650 2352 oderiutt

298 2412 344 2460 §.a
357 2398 467 2457 laciunt
487 2399 584 2474 ipsum
607 2396 664 2455 hoc
686 2414 740 2455 suo
763 2396 890 2474 quodam
912 2398 992 2455 inre:
1021 2414 1091 2456 nam
1113 2396 1189 2457 bene
1211 2415 1280 2456 raro
1303 2385 1414 2456 iaciunt
1428 2395 1550 2473 aliquid.
1585 2392 1650 2452 Fuit

355 2507 449 2559 totum
477 2498 524 2556 lric
552 2515 685 2557 mensem
711 2516 827 2564 rumor,
858 2503 886 2557 et
908 2496 998 2557 credo
1021 2498 1057 2557 ad
1081 2517 1132 2557 vos
1154 2486 1248 2577 iisque
1270 2498 1418 2575 persenit,
1448 2497 1477 2555 in
1500 2493 1579 2555 bello
1601 2510 1650 2551 oc·

355 2598 492 2659 cubuisse
519 2616 576 2658 nre.
622 2600 678 2658 linc
707 2599 746 2658 illi
774 2598 958 2668 cxirltalaant,
988 2600 1045 2659 lroo
1072 2599 1301 2678 triumphabant.
1346 2598 1452 2677 quodsi
1482 2598 1553 2676 quid
1581 2595 1650 2655 mihi

357 2701 523 2767 accidisset,
547 2708 662 2760 certum
685 2700 780 2760 halreo
804 2712 829 2760 ‘a
846 2700 961 2782 Christo
983 2699 1041 2759 troc
1062 2701 1234 2777 impetrasse
1256 2698 1295 2760 se'
1319 2699 1449 2759 dicturos
1465 2698 1571 2757 luisse:
1594 2698 1690 2756 laura·

301 2803 420 2868 §.ascio
450 2803 527 2860 enim
556 2800 631 2860 rnale
660 2804 775 2878 precari
804 2800 898 2861 nobis.
944 2801 1015 2877 Legi
1038 2800 1186 2878 dialogum
1208 2802 1321 2862 Latomi
1349 2793 1378 2861 et
1406 2801 1466 2859 risi.
1512 2798 1559 2858 Tu
1583 2815 1650 2858 sero

361 2954 562 2962 .—--.—--——

426 3054 433 3086 ¹
455 3057 647 3105 conlimitasrl.
700 3053 764 3120 huc]
784 3056 834 3106 hoc
850 3059 875 3105 l.
934 3053 1194 3120 ³negotium2...l.
1252 3056 1470 3122 ¹praecutusljue
1486 3056 1548 3103 Η.
1601 3051 1651 3101 titi

358 3141 406 3193 sel.
422 3145 483 3191 Μ.
535 3140 763 3190 ⁹seeutus2...‹l.
818 3144 1076 3206 qrrum2...l.etaic
1094 3146 1118 3192 in
1136 3160 1192 3210 sqq.
1246 3139 1268 3173 ¹⁰
1287 3141 1383 3190 credas
1398 3142 1472 3189 2...t.
1527 3139 1653 3204 inprimis

359 3230 433 3275 2...4.
488 3225 508 3257 ¹¹
528 3226 728 3275 Bartolo2...t.
787 3223 809 3255 ¹⁵
826 3226 1048 3275 Eamdem2...l.
1105 3226 1126 3257 ¹⁸
1145 3226 1409 3275 exsultabant2...l.
1469 3223 1490 3255 ²¹
1510 3240 1546 3273 nr:
1566 3223 1653 3272 ran&

361 3327 537 3368 cruovsnvn,
557 3310 579 3359 a
593 3309 674 3374 studij
689 3305 881 3376 ruse-lcomcr
895 3311 1003 3359 ratione
1017 3325 1164 3370 arenosas,
1179 3312 1233 3360 Per
1245 3308 1377 3375 recolavu
1390 3313 1546 3368 Latomum,
1567 3308 1654 3356 Theo·

360 3396 443 3460 logia>
466 3396 469 3457 Ι
503 3410 702 3445 racusrrsrvn.
719 3393 723 3458 Ι
741 3393 782 3459 [39
800 3410 884 3459 pagg.
898 3396 927 3443 in
938 3395 974 3444 4⁰.
988 3411 1011 3444 s.
1024 3394 1079 3444 t&
1096 3394 1133 3460 a]
1174 3396 1260 3444 Liber
1281 3410 1336 3443 uon
1359 3396 1419 3442 sine
1444 3395 1559 3458 ingenio
1584 3408 1655 3441 com·

360 3482 465 3544 positus
484 3479 594 3528 ‹licatus
613 3486 655 3528 est
675 3478 811 3527 cardinali
824 3478 974 3528 (luillcrmo
993 3479 1026 3527 dc
1046 3479 1109 3527 Oroi
1130 3477 1177 3543 [cl.
1191 3495 1274 3544 supra
1293 3496 1318 3543 p.
1332 3477 1412 3543 utut
1437 3479 1465 3527 iu
1483 3493 1539 3541 qua
1558 3478 1655 3542 prusa·

360 3564 435 3611 tione
450 3568 546 3609 arrctor
558 3563 658 3626 garritio
672 3564 780 3627 quidem
794 3578 823 3611 aas
838 3561 914 3610 allici
928 3563 1012 3624 dicit,
1033 3563 1124 3627 ,‚quo‹l
1137 3562 1269 3611 liberales
1282 3562 1446 3627 disciplinas
1459 3561 1581 3623 renasci,
1601 3567 1659 3609 stu.

362 3647 429 3710 „dia
447 3648 555 3710 vigere,
581 3647 676 3695 doctos
700 3647 841 3706 honorari,
908 3645 1004 3695 hamur
1023 3647 1158 3696 industria
1177 3647 1263 3696 bonos
1283 3652 1394 3696 autores
1413 3648 1441 3695 in
1459 3646 1551 3695 lucem
1572 3660 1656 3694 emer·

361 3733 464 3795 „gere”
484 3729 591 3790 videat,
612 3730 705 3778 dotem
719 3735 815 3778 contra
828 3730 920 3793 „qrred
932 3732 986 3780 viri
999 3730 1108 3795 quidam
1122 3731 1223 3779 cruditi
1235 3731 1316 3795 lapsa
1334 3731 1429 3779 studia
1444 3714 1543 3780 iuvare
1565 3730 1658 3779 conati

361 3831 435 3877 „non
454 3815 496 3862 sic
515 3814 607 3889 stilum
626 3820 826 3878 temperarent,
852 3820 882 3863 ut
899 3814 963 3863 dum
980 3815 1054 3864 mala
1073 3815 1217 3877 autemut,
1237 3816 1310 3864 bona
1328 3830 1382 3864 non
1401 3814 1520 3874 laedam,
1542 3830 1594 3863 nec
1613 3829 1657 3863 sa·

360 3900 417 3961 „tis
431 3906 571 3959 caverent,
591 3905 669 3947 narrt
682 3899 723 3946 ait
734 3900 872 3958 Lucanus,
893 3899 1011 3948 excedat
1023 3899 1162 3948 medicina
1174 3900 1282 3949 modum
1348 3899 1409 3949 Hoc
1422 3899 1560 3963 siqnidem
1574 3907 1660 3963 agunt

362 4000 444 4045 „meu
462 3983 603 4032 sententia
622 3983 667 4046 qui
688 3983 754 4030 iuris
774 3983 911 4032 studiosos
936 3998 953 4030 a
970 3983 1059 4032 Baldo
1086 3988 1113 4031 et
1131 3983 1263 4034 Bartholo
1287 3989 1429 4043 avertunt,
1454 3988 1540 4046 atque
1565 3983 1657 4048 legum

362 4068 502 4130 ,‚studimn
521 4067 561 4115 sic
581 4069 622 4116 eia
641 4066 845 4129 commendant,
870 4071 901 4114 ut
920 4067 985 4118 ,eiua
1008 4068 1094 4117 studii
1112 4069 1230 4133 optimos
1248 4070 1346 4129 duces,
1372 4068 1443 4132 quod
1461 4069 1505 4116 sui
1525 4069 1658 4132 temporis

361 4152 478 4216 „lingua
497 4151 603 4216 loquuti
621 4165 717 4214 parum
735 4151 830 4200 Latini
849 4151 1008 4212 videantur,
1034 4152 1180 4215 reiiciant,
1206 4154 1252 4217 qui
1276 4158 1304 4201 et
1327 4152 1477 4216 theologiae
1498 4153 1657 4202 candidatis

363 4252 517 4299 „cerionem
541 4215 649 4284 {aerum
674 4240 701 4282 ot
724 4234 868 4300 theologos
892 4239 1003 4284 veteres
1022 4237 1063 4285 ita
1081 4236 1248 4301 praedicant,
1268 4242 1299 4285 ut
1318 4251 1365 4286 eos
1384 4252 1400 4285 a
1418 4237 1540 4296 'l'homa‚
1568 4238 1658 4286 Bona·

364 4328 514 4384 ‚‚ventura,
538 4320 695 4370 Alexandro
715 4324 742 4367 et
760 4320 897 4369 similibus
916 4334 1026 4384 prorsus
1046 4326 1176 4380 avocent,
1202 4326 1348 4370 censentes
1366 4321 1517 4370 manifeste
1537 4336 1601 4370 eam
1619 4323 1658 4372 vi·

363 4413 420 4468 „tae
437 4411 545 4472 partem
563 4407 700 4471 perditam
720 4421 780 4470 quae
799 4405 862 4453 istis
881 4403 1075 4468 impen‹litur.”
1095 4430 1127 4438 —
1152 4407 1193 4454 De
1211 4404 1256 4454 his
1274 4406 1333 4454 lere
1351 4405 1380 4454 in
1399 4405 1521 4471 dialogis
1540 4410 1599 4455 tres
1619 4408 1657 4454 iu-

364 4506 449 4539 venes
467 4491 636 4540 disserentes
649 4490 755 4539 inducit
767 4492 908 4539 Latomus.
945 4488 972 4536 Is
991 4489 1123 4549 Lanuuii,
1143 4488 1191 4537 ubi
1204 4485 1397 4539 canonicatum
1410 4488 1522 4551 habuit,
1544 4507 1571 4540 a.
1586 4489 1658 4539 15ll.

367 4580 488 4622 mortrurs
508 4580 558 4622 est.
595 4576 705 4638 Scripta
724 4574 1001 4623 eiuslac.Latomus
1023 4574 1115 4622 iunior
1138 4573 1210 4622 edid.
1225 4573 1346 4637 Colanica
1371 4589 1397 4622 a.
1413 4572 1486 4623 1550.
1512 4574 1542 4640 iu
1561 4574 1610 4624 fol.
1629 4600 1658 4608 -—

366 4658 409 4704 De
428 4658 470 4705 his
489 4659 661 4707 Latomiunis
685 4658 804 4723 dialogis
822 4658 849 4706 ll
866 4658 999 4705 Erasmus
1018 4656 1053 4705 ad
1071 4658 1184 4706 Petrum
1202 4657 1384 4707 Mosellanum
1407 4658 1490 4723 (Epp.
1503 4658 1615 4709 Erasini
1628 4662 1657 4708 L.

367 4740 399 4787 B.
416 4738 488 4787 170u.
504 4740 551 4789 tol.
570 4758 596 4804 p.
609 4742 681 4804 405.)
705 4743 801 4811 „Exiit
824 4756 911 4805 nuper
934 4739 1033 4805 vulgus
1057 4747 1085 4790 et
1109 4742 1182 4806 apud
1204 4756 1254 4791 noa
1276 4742 1404 4807 dialogus
1428 4742 1526 4791 Iaeobi
1550 4745 1659 4793 Latomi

367 4822 524 4887 ,aneologu
544 4825 597 4872 viri
615 4819 718 4888 pridem
738 4841 788 4873 nec
808 4825 952 4873 admodum
971 4825 1059 4889 iniqui
1078 4825 1239 4875 melioribus
1257 4826 1347 4876 literis
1366 4831 1395 4874 et
1413 4828 1498 4876 amici
1512 4828 1583 4878 satis
1596 4843 1656 4877 can·

368 4906 459 4968 „didi3
483 4922 533 4955 nec
557 4909 626 4956 satis
650 4909 810 4957 coniectare
835 4924 917 4974 queo,
947 4921 1008 4973 quae
1032 4924 1076 4958 res
1100 4908 1219 4959 hominis
1243 4912 1385 4976 ingenium
1409 4911 1503 4962 subito
1531 4899 1655 4962 uerterit
