3917 5950
342 651 463 707 CLXVI.
488 667 596 706 arsrarr
608 667 645 705 an
658 668 739 705 asar.
753 668 837 704 anna.
851 666 894 703 sr.
931 650 1065 704 cnxvn.
1090 669 1172 705 nvrr.
1186 666 1300 704 nrannrs
1313 666 1343 703 m
1357 666 1441 704 onan.
1455 668 1498 704 nr.
1562 637 1635 712 349

342 842 446 889 meros;
465 828 519 876 iste
538 831 581 875 est
600 825 645 888 qni
664 825 771 873 excitat
788 838 921 872 summum
938 822 1098 888 pontificem
1116 829 1146 872 ut
1164 823 1277 888 vigilet,
1303 825 1356 874 iste
1381 825 1427 888 qui
1450 825 1518 873 nihil
1544 826 1635 890 docet,
1660 871 1667 886 .

326 912 396 969 ,nisi
410 911 481 976 qnod
494 909 605 970 didicit;
625 910 678 958 iste
692 914 735 958 est
748 909 794 972 qui
807 907 876 956 nihil
890 906 1004 971 evulgat
1022 908 1076 957 nisi
1090 909 1160 973 quod
1173 902 1249 972 prius
1261 908 1352 958 milies
1365 908 1505 972 olfecerit,
1527 911 1580 960 iste
1595 916 1638 962 est

343 996 390 1059 qui
409 994 536 1044 omnibus
553 994 703 1043 virtutibus
723 998 750 1043 et
777 990 974 1041 transformato
1001 993 1030 1040 in
1057 992 1136 1041 deum
1159 993 1259 1056 spiritu
1283 993 1396 1042 aceedit
1418 993 1452 1042 ad
1476 996 1637 1045 tractandas
1698 982 1702 991 ’

342 1094 439 1128 sacras
458 1078 569 1139 literas,
588 1079 643 1127 iste
663 1084 706 1127 est
725 1076 771 1141 qni
790 1091 819 1125 se
839 1076 909 1125 dicit
926 1075 1000 1124 velle
1019 1076 1114 1141 lugere
1139 1077 1254 1125 fratrem
1276 1077 1474 1139 insanientem,
1503 1081 1557 1129 nisi
1581 1085 1637 1129 tam

320 1165 450 1212 ainsanis
469 1162 697 1212 annotationibus
715 1161 923 1225 obtemperarit.
960 1162 1088 1209 Demiror
1105 1162 1249 1210 Erasmum
1267 1162 1290 1210 si
1307 1161 1373 1210 huic
1385 1167 1512 1226 portento
1525 1180 1637 1228 respon-

342 1249 423 1299 deat:
442 1264 507 1296 nam
524 1247 553 1296 id
572 1248 650 1296 aiunt
666 1245 744 1294 illurn
762 1245 871 1295 facere:
897 1261 948 1309 ego
972 1259 1027 1294 non
1045 1245 1175 1310 dignarer
1193 1244 1317 1295 rabulam
1336 1244 1388 1295 hoc
1406 1247 1516 1296 honore.
1552 1248 1639 1297 Liber

342 1334 395 1382 huc
415 1332 519 1381 allatus
536 1331 640 1380 nemini
658 1346 712 1380 nou
730 1329 887 1394 displicuit,
913 1330 1038 1395 exceptis
1061 1329 1117 1380 illis
1141 1331 1239 1395 quibus
1262 1329 1332 1378 nihil
1357 1329 1433 1380 aliud
1456 1332 1562 1397 placet,
1591 1334 1638 1382 vix

344 1419 430 1466 etiarn
448 1416 556 1465 duabus
574 1414 656 1465 lectis
674 1415 794 1480 paginis.
831 1416 920 1464 Deum
939 1414 1131 1476 immortalem,
1153 1431 1213 1479 quae
1232 1418 1357 1478 vanitas,
1378 1432 1438 1481 qnae
1458 1417 1636 1481 impudentia,

343 1516 405 1566 quas
428 1500 593 1557 virulentia,
620 1515 681 1564 quae
705 1499 828 1561 technae,
854 1500 900 1562 qui
925 1499 996 1547 fuci!
1027 1498 1099 1547 lllud
1122 1500 1275 1564 indignius,
1304 1501 1375 1565 quod
1400 1502 1530 1565 quiequid
1553 1502 1639 1551 habet

310 1597 335 1637 to
343 1585 470 1646 furcifer,
490 1589 632 1633 mutuatur
651 1600 665 1633 e
684 1583 763 1632 libris
780 1584 904 1632 Erasmi:
925 1582 960 1631 ab
980 1582 1028 1632 illo
1047 1585 1141 1648 spinas
1160 1586 1248 1634 assuit
1266 1584 1320 1633 sibi
1339 1585 1437 1649 quibus
1456 1587 1483 1634 in
1503 1585 1578 1634 illum
1598 1587 1638 1634 in·

342 1672 451 1736 pingat.
484 1673 513 1718 et
530 1669 610 1718 homo
629 1669 691 1734 ipsa
708 1667 909 1733 ingratitudine
929 1668 1065 1732 ingratior
1082 1669 1225 1717 Erasmum
1244 1674 1328 1718 vocat
1345 1670 1501 1719 mortalium
1520 1672 1639 1720 omnium

344 1755 573 1820 ingratissimum.
609 1753 683 1814 Quid
700 1757 757 1814 est,
782 1753 806 1801 si
824 1752 884 1801 hoeo
902 1753 1014 1801 insania
1033 1767 1087 1800 non
1107 1754 1167 1801 est?
1191 1759 1234 1803 est
1253 1754 1387 1818 quoddam
1406 1755 1522 1804 insanias
1541 1770 1637 1819 genus,

345 1854 398 1904 quo
417 1839 471 1889 sibi
492 1838 603 1903 quidam
622 1852 704 1902 supra
722 1837 831 1887 modum
848 1836 1013 1901 displicent:
1034 1842 1062 1886 et
1081 1837 1163 1886 audio
1182 1838 1302 1888 Lovanii
1321 1838 1479 1904 theologum
1503 1840 1639 1904 quendam

344 1924 397 1973 hoc
416 1923 489 1972 malo
507 1922 649 1971 laborare:
678 1927 708 1970 at
727 1922 800 1970 Laus
819 1937 873 1971 non
892 1922 981 1970 minus
1007 1922 1123 1982 insanit,
1153 1923 1200 1985 qui
1223 1923 1278 1973 sibi
1301 1939 1383 1988 supra
1407 1925 1513 1974 modum
1537 1924 1639 1989 placet.

312 2007 478 2058 tsNullosne
498 2007 585 2055 fnisse
604 2007 700 2055 doctos
719 2022 752 2054 ae
776 2007 924 2070 prudentes
948 2006 1052 2055 amicos
1077 2007 1122 2071 qui
1149 2007 1285 2056 hominem
1310 2008 1362 2057 ista
1388 2009 1545 2057 molientem
1569 2025 1641 2058 oom-

345 2098 494 2158 pescerent
510 2091 556 2141 vel
576 2090 697 2140 elleboro
717 2091 781 2139 dato
800 2090 844 2139 vel
865 2091 977 2139 iniectis
997 2090 1136 2139 vinculis?
1159 2091 1213 2140 Sed
1231 2092 1361 2141 stultulus
1381 2093 1416 2142 ad
1439 2093 1556 2141 mendax
1579 2108 1640 2157 spo·

345 2177 437 2227 culum
455 2177 569 2241 scripsit
587 2177 697 2240 opinor:
721 2175 780 2223 illic
804 2174 839 2223 ad
864 2174 974 2239 singula
997 2177 1122 2223 suaviter
1139 2176 1233 2225 arrisit
1256 2183 1284 2225 et
1301 2177 1355 2226 sibi
1375 2178 1536 2227 existimans
1555 2177 1641 2226 talem

345 2265 405 2313 tore
423 2262 531 2312 vultum
548 2261 683 2310 lectorum
701 2260 834 2320 omnium,
855 2258 963 2323 qualem
983 2259 1097 2308 videbat
1116 2261 1144 2308 in
1162 2260 1284 2324 speculo.
1321 2263 1375 2323 Qui
1394 2268 1450 2311 tam
1470 2262 1641 2312 amarulente

346 2362 431 2397 ausus
450 2353 492 2396 cst
511 2348 645 2411 impetere
664 2345 753 2394 virum
772 2344 817 2392 oui
835 2343 982 2408 plurimum
1000 2344 1121 2393 debeant
1140 2349 1168 2394 et
1186 2346 1264 2394 bonas
1285 2360 1352 2410 quas
1375 2354 1476 2396 vocant
1501 2354 1529 2398 ct
1553 2325 1644 2397 sacred

311 2432 452 2493 salitores,
482 2446 544 2480 mea
567 2429 709 2479 sententia
732 2428 831 2493 dignus
855 2430 944 2477 estin
963 2444 1041 2493 quem
1061 2429 1220 2493 conspirent
1238 2446 1332 2480 omnes
1357 2432 1455 2496 quibus
1479 2433 1555 2482 cordi
1578 2438 1642 2482 sunt

346 2519 452 2583 optima
470 2515 577 2578 studia,
598 2530 678 2578 quem
697 2512 770 2562 stilis
789 2513 846 2561 suis
865 2512 1027 2561 confodiant
1046 2519 1075 2561 ut
1098 2514 1236 2563 rabiosam
1255 2514 1416 2578 bestiolam,
1443 2517 1477 2566 ad
1503 2520 1580 2567 cuins
1599 2533 1641 2566 se-

346 2600 491 2666 pulchrum
509 2600 625 2649 reniant
646 2598 760 2647 mictum
784 2603 867 2660 atque
892 2602 1021 2645 cacatum
1046 2614 1139 2647 omnes
1163 2599 1286 2648 melioris
1309 2599 1461 2651 literaturae
1490 2603 1641 2652 candidati.

346 2688 408 2751 Ego
426 2690 503 2734 certe
522 2684 634 2733 adnitar
651 2697 701 2747 pro
718 2681 837 2742 viribus,
858 2685 888 2729 nt
906 2683 934 2730 ni
953 2687 1060 2731 mature
1079 2684 1228 2747 resipiscat
1251 2686 1340 2747 Lens,
1367 2700 1466 2735 nornen
1491 2686 1566 2735 illius
1585 2692 1641 2736 tam

346 2772 467 2821 invisum
490 2769 603 2818 reddam
627 2767 746 2833 posteris
765 2781 845 2829 quam
870 2767 924 2816 luit
946 2782 1066 2830 unquam
1083 2767 1191 2817 Vatinii
1215 2774 1264 2817 aut
1280 2769 1446 2820 Phalaridis.
1488 2759 1642 2821 lam'nuuc

311 2866 338 2905 rs
348 2857 429 2921 pueri
447 2855 501 2904 mei
520 2853 646 2903 versibus
665 2851 771 2915 aliquot
789 2850 914 2900 luserunt
932 2852 962 2900 in
980 2867 1047 2915 opus
1071 2850 1283 2901 insulsissimum
1302 2847 1374 2902 Lei.¹
1377 2891 1640 2907 ..................

348 2978 461 2990 ........
481 2940 536 2989 Vos
554 2939 662 2988 sivero
682 2935 812 2986 Germani
833 2936 913 2998 estis,
933 2951 988 2986 non
1007 2936 1106 2985 sinetis
1124 2935 1242 2987 hominis
1261 2937 1445 3003 petulantiam
1466 2941 1640 3005 impunitam,

348 3025 479 3090 quiequid
497 3025 530 3073 de
550 3023 597 3073 illo
615 3023 747 3073 statuerit
763 3023 907 3083 Erasmus,
929 3023 974 3069 cui
993 3037 1066 3086 saepe
1085 3023 1180 3071 nocuit
1197 3038 1249 3072 sua
1266 3023 1377 3073 levitas.

280 3607 282 3611 .
367 3568 528 3604 noemin.
904 3529 1096 3607 CLXVII.

741 3719 1001 3780 HVLDERlCllVS
1031 3721 1079 3780 DE
1102 3720 1253 3782 llVTTEN

704 3824 831 3881 LlBElllS
873 3826 905 3880 lN
942 3825 1111 3882 GElilthlll
1148 3827 1289 3883 OllNlllVS

917 3926 1074 3968 sasvrnu.

435 4018 539 4103 hdhuo
561 4040 631 4101 nihil
654 4047 799 4102 cessatum
822 4042 907 4101 nohis
929 4051 973 4102 est
995 4042 1032 4103 ah
1056 4061 1090 4102 eo
1113 4044 1174 4111 die,
1198 4062 1256 4122 quo
1278 4044 1369 4106 semel
1391 4046 1579 4106 constrictam
1596 4045 1645 4104 diu
1658 4055 1713 4109 ar.

350 4145 407 4204 iam
430 4151 459 4204 et
481 4161 556 4221 pene
578 4144 749 4204 suffocatam
770 4143 896 4202 nationis
924 4144 1011 4204 huius
1038 4143 1202 4205 libertatem
1231 4154 1370 4225 quantum
1400 4148 1430 4205 iu
1452 4146 1536 4206 rmbis
1560 4152 1645 4216 esset,

350 4244 465 4306 solvere
488 4253 516 4305 et
538 4252 705 4305 restaurare
727 4244 859 4322 adgressi
882 4263 999 4313 sumus,
1028 4246 1098 4305 ilum
1127 4246 1169 4306 vel
1198 4248 1355 4325 quaerimus
1383 4255 1411 4306 et
1439 4247 1646 4323 investigamus

316 4347 421 4426 equid
444 4346 554 4425 ubique
576 4346 743 4406 abstrusum
766 4346 910 4406 habeatur
933 4347 1125 4424 antiquitatis,
1150 4347 1228 4423 quod
1251 4348 1319 4408 huie
1340 4356 1442 4406 nostro
1458 4347 1647 4408 commodare

353 4449 444 4526 possit
464 4449 610 4518 instituto,
639 4447 685 4508 vel
707 4448 863 4508 scribimus
884 4449 939 4525 ipsi
962 4455 991 4507 et
1012 4448 1042 4505 in
1065 4445 1160 4506 lucem
1184 4447 1298 4508 edimus
1326 4467 1391 4527 quae
1419 4465 1501 4508 mens
1530 4450 1647 4509 conscia

335 4550 412 4609 ¹reri
434 4547 549 4609 occulta
570 4549 680 4610 diutius
701 4567 766 4610 csse
787 4568 846 4609 non
869 4550 1001 4608 sustinet.
1046 4548 1111 4619 Quo
1133 4547 1230 4608 studio
1259 4568 1326 4609 eum
1354 4550 1483 4611 secundo
1512 4552 1700 4629 proximem

353 4735 489 4786 CLXVII.
528 4735 598 4784 A:
610 4735 697 4785 indic.
711 4734 840 4800 bibliogr.
855 4750 881 4784 n.
896 4735 995 4784 XXIX.
1012 4734 1035 4785 l.
1113 4734 1129 4782 2
1145 4753 1180 4777 =
1196 4734 1317 4784 Burolrh.
1340 4735 1376 4785 Il.
1398 4752 1424 4800 p.
1438 4735 1545 4786 54...ae
1567 4737 1646 4798 (ibid.

338 4861 340 4867 ,
353 4834 380 4870 n.
393 4820 432 4884 2.)
484 4818 546 4870 3:
557 4819 861 4886 Wageuseil.n.xr.v1.
875 4837 902 4886 p.
916 4818 1056 4869 2·l3...2so.
1077 4819 1155 4882 (ibid.
1170 4835 1196 4869 n.
1210 4819 1247 4881 4.)
1305 4820 1367 4868 4:
1379 4822 1457 4870 Hutt.
1471 4821 1581 4871 Miineh.
1595 4823 1647 4872 111.

822 4921 848 4969 p.
861 4903 1001 4954 sol...564.
1016 4904 1092 4967 (ibid.
1106 4920 1132 4953 n.
1145 4904 1182 4968 5.)
