3917 5950
407 690 518 742 CXXX.
538 704 641 742 suasus
656 705 719 740 nos.
733 705 770 740 sn
783 704 867 741 uuus.
880 704 915 739 ns
930 704 1025 740 τηου
1039 705 1115 739 nono
1129 706 1171 739 su.
1187 705 1213 738 n.
1228 697 1262 738 uo.
1277 704 1334 740 1vs.
1351 696 1408 743 isto,
1486 670 1559 743 279

309 864 440 941 quotibet
463 864 580 936 artifice
608 862 733 937 depinqi
758 879 838 921 sese:
870 878 925 920 aee
952 864 1031 921 enim
1058 862 1191 921 arbitror
1217 864 1334 920 terioris
1365 880 1428 921 esse
1460 880 1561 938 operm

283 966 381 1029 imum
407 964 558 1039 effinqere
578 981 667 1038 quam
690 964 898 1023 Menandrum
916 980 1056 1036 muqnum
1075 970 1129 1022 aut
1149 963 1306 1029 Achillem,
1330 981 1385 1022 nee
1406 967 1451 1023 itti
1470 982 1559 1038 quom

283 1071 311 1129 ia
330 1074 430 1127 noster
448 1067 669 1125 immortalitate
685 1066 835 1139 diqniores
855 1072 951 1124 erant.
992 1065 1061 1124 Tute
1082 1075 1286 1140 arqumentum
1304 1082 1432 1140 prorsus
1447 1066 1560 1140 Apellis
1571 1062 1614 1111 Μ

283 1172 430 1245 uiuuspiam
451 1184 573 1227 manum
591 1167 761 1235 desiderat,·
792 1177 825 1224 at
846 1183 949 1226 urereor
968 1184 1008 1225 ne
1029 1169 1092 1242 ipse
1113 1168 1213 1226 Fuluii
1234 1166 1416 1241 Bnutnroaque
1437 1169 1561 1242 similior

283 1274 317 1330 'ua
337 1285 429 1345 quam
451 1268 582 1344 Apellis:
612 1271 758 1342 experiar
785 1275 883 1326 tamea
911 1269 964 1327 tibi
989 1271 1075 1327 totius
1095 1270 1221 1329 nominis
1242 1270 1456 1329 simulachrum
1480 1271 1561 1329 deti-

283 1388 357 1433 eure
379 1374 478 1430 uerius
499 1386 597 1444 quam·
610 1372 796 1444 nuntiauere,
828 1375 970 1442 nutantum
993 1388 1033 1429 ea
1056 1373 1172 1430 diutina
1197 1373 1413 1445 domesticaque
1433 1387 1560 1431 consue-

284 1475 366 1535 udr'ne
387 1476 433 1533 aei
449 1472 689 1531 animaduertere
711 1474 795 1530 timuit
818 1473 863 1530 uel
883 1475 1057 1531 meminisse.
1104 1472 1189 1542 Quod
1205 1474 1353 1546 siquando
1370 1475 1435 1544 fiet,
1460 1459 1499 1529 ut'
1512 1488 1561 1530 uos
1620 1532 1631 1550 ‚

283 1578 368 1650 iqua
387 1576 497 1648 teqatio
517 1574 689 1643 committat,
712 1579 772 1630 tum
794 1573 910 1631 demum
929 1576 1074 1646 iateliiqes
1091 1592 1180 1647 quom
1197 1591 1254 1632 non
1274 1575 1398 1649 proauum
1417 1576 1560 1644 artificem

284 1678 309 1736 ‘d
332 1677 389 1736 hoe
407 1677 524 1750 rueqocii
543 1676 704 1747 deleueris,
732 1691 892 1748 vereorque
914 1678 1008 1748 piane
1035 1692 1073 1734 ue
1101 1692 1146 1733 me
1172 1685 1224 1733 aut
1251 1676 1419 1734 invidentia
1446 1678 1562 1733 inesses

285 1784 318 1839 ut
336 1779 546 1848 caecutientium,
569 1779 621 1850 qui
640 1793 681 1834 eu
701 1781 761 1833 tum
779 1779 877 1835 maltis
898 1776 979 1835 bonis
997 1782 1057 1833 tam
1068 1762 1173 1850 punica
1192 1779 1237 1835 aei
1256 1778 1378 1848 uidetim
1396 1779 1498 1851 linques
1516 1780 1562 1834 aet

283 1894 494 1941 nnmemorare
516 1879 657 1970 salamim
680 1878 806 1936 inuidus.
850 1877 945 1951 Atque
967 1876 1113 1935 sotadeo
1134 1883 1223 1951 quarte
1244 1879 1407 1950 exordiar,
1427 1894 1487 1955 qnia
1509 1879 1615 1937 iiiia-⁵.

283 1982 370 2042 dorus
392 1988 437 2040 est
456 1980 668 2054 mantissimas,
698 1984 815 2036 statura
838 1981 982 2052 modoque
1007 1982 1141 2052 emporis
1166 1989 1209 2037 est
1234 1979 1320 2052 infra
1340 1983 1559 2054 proceritatem,

283 2100 357 2160 upra
384 2089 482 2141 tamea
506 2081 661 2147 notabilem
682 2079 884 2139 tramititateru.
928 2097 1029 2139 rerum
1051 2082 1178 2139 omninum
1201 2082 1395 2141 membrorum
1414 2088 1497 2140 tanta
1518 2088 1562 2140 est

283 2187 449 2257 metria,
474 2189 508 2241 ut
531 2182 608 2241 aiiii
633 2181 683 2240 ieie
711 2183 830 2239 omuino
853 2183 1021 2249 desideres·
1047 2188 1114 2239 etate
1135 2185 1270 2256 corporis
1287 2185 1441 2254 eandida,
1460 2184 1560 2257 facies

283 2290 359 2361 mais
379 2286 424 2344 ad
441 2283 604 2344 candorem
626 2284 720 2357 rrerqu
739 2297 829 2355 quom
844 2282 1063 2357 nonullorum,
1089 2299 1262 2358 quanquam
1284 2302 1303 2343 a
1324 2285 1433 2345 anchore
1453 2287 1562 2360 prosint

283 2386 359 2458 oea,
383 2388 444 2444 nisi
467 2386 548 2459 quod
572 2385 668 2443 tentiis
694 2384 855 2446 admodum
877 2386 968 2444 nachor
990 2386 1096 2458 uiaque
1116 2386 1263 2455 seminecem·
1292 2389 1399 2461 capilii
1418 2388 1560 2459 suuniqro

283 2492 390 2559 amre,
419 2489 481 2546 siue
506 2486 600 2543 mauis
624 2484 755 2557 suiftiauo
778 2489 918 2559 niqrore,·
950 2487 1187 2555 turbaremur:
1218 2491 1298 2547 ocuuii
1317 2489 1464 2561 suhcmsii,
1490 2504 1559 2546 raa-

283 2592 338 2651 atie
358 2589 537 2664 quibusdum
559 2589 747 2661 interspersi,
773 2604 841 2661 quae
860 2590 973 2662 speeies
994 2572 1143 2660 inqeniu'm
1166 2605 1296 2662 arquere
1321 2592 1394 2648 solet
1411 2586 1559 2661 felicissi2

283 2708 356 2764 rm,
378 2692 465 2766 apud
484 2689 649 2748 Britannos
668 2692 756 2747 etium
778 2690 916 2748 amabitis
940 2690 1080 2758 habena,
1105 2707 1173 2750 crum
1201 2694 1296 2750 nostri
1321 2694 1443 2764 aiqrore
1465 2693 1560 2763 mauis

283 2796 443 2869 nummus:
478 2797 591 2865 neqant
617 2792 709 2849 ultum
737 2793 889 2850 maiomam
915 2807 1012 2864 qenus
1035 2792 1132 2850 miuus
1159 2790 1301 2862 infestari
1319 2794 1405 2851 uitiis.
1458 2793 1614 2849 intrusus.

283 2897 381 2969 taenio
408 2894 583 2968 respondet,
608 2896 729 2964 qratam
756 2898 787 2949 et
813 2892 940 2950 amicam
967 2891 1156 2963 sestieituiem
1178 2910 1294 2968 semper
1315 2910 1384 2968 pra
1405 2912 1436 2952 se
1453 2892 1560 2965 serens

283 3013 301 3056 e
321 2996 460 3056 nonnihit
480 2995 525 3053 ad
543 2995 669 3053 rideatis
686 2993 817 3051 iraiimm
838 2998 1027 3068 compositus,
1056 3003 1145 3069 atque
1164 3004 1197 3055 ut
1216 2999 1343 3070 inqerure
1364 2997 1477 3060 dicam.
1498 3011 1559 3068 ap-

283 3100 384 3158 ositior
400 3096 449 3154 ad
467 3096 687 3166 nucemditutem'
702 3110 791 3168 quam
814 3095 857 3152 nd
875 3099 1053 3169 arduitatem
1070 3102 1126 3156 aut
1141 3098 1328 3170 diqaitatem,
1353 3100 1470 3157 etiamsi
1489 3099 1559 3155 Ioa-

283 3201 381 3259 issinse
411 3197 494 3254 abest
519 3196 558 3254 ab
585 3197 697 3269 inentia
725 3199 982 3271 scurrilitateque,·
1021 3198 1127 3256 deuter
1153 3198 1293 3256 autmarus
1311 3177 1416 3273 'paulo
1444 3198 1560 3257 uidetur

283 3301 438 3360 minentior
457 3301 545 3368 ia'uo,
572 3299 740 3372 prasertim
761 3314 828 3357 enim
853 3299 978 3369 incedit,
1007 3300 1041 3356 id
1061 3298 1141 3371 quod
1161 3301 1207 3357 iili
1226 3316 1285 3358 raon
1307 3301 1418 3359 oceidit
1437 3305 1558 3366 matiana,

283 3403 316 3462 ed
328 3399 534 3471 assuetudine,
556 3400 659 3473 quatio
676 3401 828 3472 permulta
843 3399 924 3458 nobis
940 3402 1035 3458 soient
1055 3400 1214 3460 (edomuere
1223 3422 1233 3468 ,·
1260 3403 1290 3458 ia
1305 3404 1420 3474 reliquo
1434 3415 1559 3473 empore

283 3503 338 3562 iau
364 3505 410 3560 est
433 3501 514 3573 quod
533 3498 686 3572 offendam·
718 3515 824 3571 manus
846 3507 958 3558 tontum
978 3501 1153 3560 srtbrusticoe
1173 3509 1254 3574 aaut,
1281 3505 1324 3561 ito
1347 3504 1510 3574 duruaaat,
1533 3504 1561 3559 sr'

283 3603 306 3662 d
324 3603 472 3676 reliquam
492 3602 626 3675 unquis
641 3603 773 3674 sueciam
787 3600 993 3672 coniterentur.
1038 3603 1109 3678 Ipse
1128 3606 1256 3662 omnium
1276 3621 1343 3679 qua
1362 3606 1405 3662 ad
1424 3605 1613 3678 capurisso.

283 3707 374 3764 ultum
396 3705 535 3774 attinent,
562 3718 679 3776 manner
704 3719 723 3760 a
746 3719 844 3778 patero
871 3706 1138 3777 neqiiqentissimus
1162 3704 1238 3776 suit,
1267 3706 1343 3765 adeo
1367 3713 1400 3764 ut
1426 3723 1480 3765 nee
1506 3709 1559 3765 itin

283 3821 445 3880 manauere
472 3819 584 3863 murare
610 3804 648 3861 sit
673 3805 774 3862 suiuus
803 3820 870 3878 quu’
896 3808 960 3863 sola
986 3808 1057 3863 uiris
1078 3823 1139 3864 esse
1162 3809 1302 3866 oneranda
1324 3809 1410 3868 docet
1430 3807 1559 3866 Ouidius.

283 3908 382 3968 orma
403 3912 540 3964 uemutas
561 3920 629 3978 qum
647 3903 745 3976 snserit
765 3906 958 3964 adolescenti.
980 3909 1168 3966 nuncetiam
1190 3912 1258 3968 iicet
1275 3902 1312 3968 ἐκ
1334 3903 1391 3987 τῆς
1411 3899 1560 3985 καλάμης

283 4011 426 4069 iniicere:
455 4007 708 4080 quanquamiqse
728 4009 798 4065 noia
816 4007 960 4065 nominem
982 4025 1041 4065 non
1062 4011 1203 4068 maiorem
1225 4012 1313 4068 anuis
1333 4011 1436 4083 uiqiuti
1458 4009 1559 4080 trihus,

283 4125 331 4169 am
354 4125 435 4168 asina
456 4123 514 4166 noa
535 4110 656 4165 muitium
672 4110 799 4166 eueessit
820 4110 1092 4182 quadraqesimum.
1131 4111 1273 4169 i'nietudo
1290 4126 1441 4184 prospera
1463 4112 1615 4181 muqisss

283 4226 352 4271 uam
374 4210 509 4280 ronuta,
537 4209 592 4267 sed
612 4214 710 4266 tamea
736 4226 804 4283 quur
824 4210 1013 4283 quantislibet
1034 4211 1183 4270 lenioribus
1203 4209 1339 4282 sufficiat
1360 4212 1479 4269 honesto
1498 4212 1561 4268 cire

283 4314 377 4387 ionis,
407 4312 498 4369 nuliis
516 4316 570 4369 aut
589 4315 669 4368 certe
682 4312 870 4385 paureissimis
889 4312 997 4369 morinis
1015 4312 1161 4370 oiraoxia:
1188 4327 1255 4384 spes
1275 4318 1318 4368 est
1336 4314 1465 4369 rsisaeem
1480 4310 1560 4382 sore,

284 4414 386 4502 nando
399 4418 519 4488 patruum
538 4411 626 4470 habet
645 4412 805 4470 admodum
825 4421 899 4469 autu
918 4412 1082 4485 quandem,
1106 4411 1161 4468 sed
1180 4414 1255 4469 au're
1277 4413 1384 4470 uirenti
1404 4418 1561 4486 assuetaque

331 4577 342 4611 ⁴
366 4578 446 4630 Palu.
461 4575 534 4644 Rus]
558 4580 618 4628 Non
642 4578 723 4627 nimis
742 4578 814 4628 scite
831 4579 963 4628 Erasmus
983 4578 1018 4628 ad
1035 4579 1132 4627 Horat.
1153 4583 1206 4626 sat.
1221 4579 1256 4626 ΙΙ,
1275 4578 1341 4634 iso.
1359 4579 1488 4644 respicit,
1513 4578 1561 4627 ubi

284 4679 298 4714 a
317 4663 399 4716 Fulvi
418 4663 591 4728 Rutubaeque
610 4662 786 4724 (famosorum
806 4661 1002 4726 gladiatorum)
1022 4662 1127 4728 proeiiis
1146 4663 1257 4713 rubrica
1275 4664 1360 4727 pictis
1379 4668 1428 4713 aut
1441 4664 1560 4713 carbone

284 4753 348 4798 oeta
366 4748 447 4798 dieis.
510 4745 717 4796 ⁵simulaerum
731 4749 825 4796 dns.
889 4745 923 4778 Μ
942 4747 1079 4796 delinisse
1093 4750 1152 4797 m.
1219 4746 1355 4814 ⁶ver.q.]
1375 4748 1561 4813 (muniamini

283 4847 349 4882 erum
369 4837 502 4898 quantum
519 4837 578 4895 post
596 4831 683 4896 sxpr.)
707 4833 761 4881 sine
782 4847 857 4882 sensu
877 4836 900 4881 7.
910 4836 934 4882 8.
1018 4831 1038 4863 ¹⁵
1056 4834 1134 4898 vergi
1154 4836 1178 4881 7.
1187 4836 1211 4882 8.
1241 4833 1314 4883 Tulin
1332 4837 1358 4883 in
1374 4851 1432 4900 sqq.
1450 4841 1560 4898 praeter·

284 4923 369 4967 mm·
417 4915 441 4948 ²¹
459 4917 624 4967 tumeam.
682 4914 705 4948 ³⁰
723 4914 814 4981 Ovio]
834 4917 893 4966 Art.
913 4933 965 4967 am.
980 4918 1002 4967 1.
1016 4916 1074 4967 sta.
1088 4933 1147 4983 sqq.
1199 4915 1220 4950 ⁸¹
1240 4908 1358 4984 inum]
1378 4918 1560 4968 oxoonfeoto

283 5014 385 5068 orpora.
