3917 5950
436 605 496 653 XV}
927 597 1065 647 finiturus
1083 596 1243 647 enffattn.

439 781 572 857 pyraeeis
599 780 710 856 glutine.
732 781 862 842 adbibito
884 782 977 843 adtira
1005 791 1088 851 sunt,
1117 801 1205 861 quarn
1236 781 1433 844 miserabilem
1462 782 1508 844 iiia
1532 783 1598 843 ioba
1621 791 1732 842 mrtem

438 907 548 982 pariter
578 906 640 967 iere
668 911 764 968 omnia
794 918 823 968 et
851 927 885 969 ea
913 911 1001 970 etiarn
1023 911 1060 969 de
1082 928 1209 988 qnorum
1232 911 1398 987 integritate
1420 912 1598 988 veritateque
1621 907 1733 969 rrubum

436 1036 557 1093 omnino
572 1052 640 1093 eum
655 1034 718 1094 aiiis
732 1038 821 1096 nertio
836 1036 1012 1111 imaginibus
1031 1037 1170 1096 institutae
1191 1038 1416 1114 cooperationes
1436 1035 1558 1096 dubium
1577 1036 1733 1100 relincunt,

435 1159 492 1217 iarn
509 1158 633 1219 florente
648 1161 694 1221 itta
711 1161 816 1222 Nuriea
840 1170 928 1238 gente
949 1164 1071 1241 patricia
1094 1181 1233 1241 perpessa
1255 1170 1339 1223 sunt:
1362 1182 1430 1222 nam
1452 1171 1559 1240 praeter
1574 1162 1631 1221 boe
1659 1162 1732 1220 inie-

435 1286 507 1344 rinri
536 1288 659 1363 pretore
687 1291 812 1363 margini
841 1288 1052 1364 atigiutinatum
1082 1290 1229 1349 recentius
1252 1290 1393 1366 seriptum
1416 1288 1533 1349 [biubi
1555 1287 1592 1347 ab
1622 1287 1754 1346 Hutten.

359 1486 361 1491 Ι
435 1429 542 1471 nomen
570 1412 648 1473 idem
677 1433 785 1474 nomen
806 1415 924 1474 liutteni
953 1423 1029 1475 extat
1057 1414 1095 1474 ab
1118 1418 1181 1493 ipso
1202 1416 1317 1475 iturero
1339 1433 1448 1474 aversae
1470 1412 1529 1473 ioiii
1552 1416 1666 1491 paginae
1688 1414 1731 1471 in·
1777 1494 1781 1500 ι

435 1539 593 1614 scriptum,
617 1540 695 1616 quod
719 1542 805 1600 etiam
829 1560 907 1602 nunc
930 1544 1005 1602 intra
1029 1541 1201 1619 particulam
1216 1560 1250 1601 ex
1268 1542 1434 1600 recentiore
1449 1540 1519 1599 intio
1534 1541 1593 1598 sire
1609 1540 1731 1617 pirtnrae

435 1663 527 1722 fundo
550 1672 696 1726 exsertam
719 1667 769 1727 ubi
792 1670 915 1728 verteris
936 1667 1065 1727 tabulam
1087 1668 1259 1744 conqrieiao
1296 1667 1433 1726 Ceterum
1450 1666 1645 1726 [inrerianum
1660 1663 1731 1724 ilbrd

436 1796 537 1865 caput.
567 1792 677 1850 etiamsi
706 1813 771 1871 quae
798 1794 835 1855 de
863 1795 984 1872 picturis
1013 1794 1112 1854 direre
1134 1801 1164 1853 et
1185 1794 1267 1871 quasi
1289 1795 1319 1852 in
1341 1790 1437 1851 alieno
1459 1793 1524 1851 soro
1547 1791 1659 1867 litigare
1682 1809 1731 1849 eo·

435 1922 519 1974 aetus
548 1915 588 1975 sui
602 1900 604 1905 ⁵
618 1936 721 1994 parum
751 1919 826 1979 bene
853 1921 984 1998 exposita
1007 1928 1118 1988 essent,
1150 1920 1242 1979 fateor
1264 1927 1374 1979 tantam
1397 1920 1525 1978 veritatis
1547 1919 1731 1978 iiuttenianae

434 2041 463 2100 iu
487 2060 533 2100 me
557 2046 805 2125 contemplantem
829 2051 885 2108 rim
909 2047 1037 2114 babere,
1066 2055 1097 2105 ut
1128 2047 1206 2107 mdia
1235 2046 1307 2106 mibi
1335 2044 1477 2105 dubitatio
1505 2044 1633 2122 seruemit
1659 2043 1730 2120 quin

434 2174 492 2234 boc
516 2195 608 2235 unum
630 2194 665 2233 ex
689 2174 827 2234 omnibus
849 2181 994 2251 quotquot
1016 2173 1086 2241 ridi,
1116 2173 1172 2233 ridi
1200 2181 1299 2233 autem
1327 2190 1392 2250 quae
1415 2180 1514 2230 extare
1536 2172 1597 2230 seio
1620 2169 1727 2233 omnia,

434 2301 535 2362 ierunt
550 2302 670 2362 Hutteni
687 2308 792 2377 eaput,
816 2300 878 2358 baec
895 2299 1014 2357 iiutteni
1030 2317 1096 2357 vera
1120 2298 1208 2358 iaries
1229 2300 1275 2357 sit
1320 2298 1421 2385 itaque
1443 2298 1630 2358 vehementer
1646 2302 1727 2373 erpta·

433 2427 489 2486 rim
513 2435 542 2485 et
563 2445 652 2504 spero
675 2427 761 2484 etiam
784 2425 916 2484 futurum
939 2443 1004 2484 esse
1026 2433 1056 2482 nt
1079 2424 1205 2484 lectores
1227 2426 1255 2485 in
1271 2425 1328 2484 boo
1343 2425 1588 2484 iinttenianornm
1603 2424 1728 2514 seriptu-

434 2569 500 2610 rum
524 2551 660 2630 exemplo
683 2570 749 2611 meo
771 2552 832 2610 reri
855 2550 974 2609 iirrtteni
997 2551 1106 2627 ingenii
1129 2550 1205 2611 baud
1235 2551 1401 2612 deformem
1428 2552 1656 2628 descriptionem
1684 2549 1728 2606 iu·
1768 2572 1779 2587 ·

435 2695 500 2737 esse
521 2686 710 2755 cognoscant.

521 2804 605 2874 Vale,
627 2805 734 2872 lector,
759 2812 787 2864 et
809 2803 970 2863 liuttenum
992 2822 1067 2863 ema.

518 3025 628 3087 [tabam
651 3028 762 3087 Bonnae
785 3025 820 3085 ad
843 3024 980 3085 Rhenum

585 3179 686 3239 idibus
708 3177 917 3238 decembribus

561 3367 586 3406 a.
611 3346 680 3407 ein.
696 3346 742 3408 tn.
758 3352 830 3404 oce.
845 3359 941 3405 nvm.
