3917 5950
434 638 542 693 CXXX.
561 653 665 690 rassin
679 651 742 689 nor.
757 651 793 688 ur>
806 652 889 690 asur.
903 651 938 688 nr
952 651 1047 687 rnous
1060 650 1136 688 nono
1149 651 1190 687 nr.
1205 649 1232 686 n.
1245 643 1279 688 an.
1293 652 1349 689 rvr..
1366 644 1426 716 islo.
1507 621 1580 696 285

293 811 412 871 bulatur
438 812 477 870 ile
503 814 563 870 vita
587 810 689 882 futuri
714 810 820 876 seculi,
849 816 881 867 ul
906 824 1052 881 liquescas
1080 808 1157 867 illua
1181 825 1221 866 ea
1249 810 1468 882 animataqui,
1489 827 1584 884 neque

293 915 352 973 sine
378 914 490 987 optimo
515 929 578 986 spe.
623 913 666 970 Aa
693 914 761 970 talis
780 910 884 969 Maras
909 918 954 969 est
975 913 1064 968 etiam
1091 912 1122 967 in
1143 911 1233 967 aila:
1262 916 1291 968 et
1311 917 1415 984 postea
1441 918 1510 969 sunt
1534 914 1653 984 quitis.

293 1020 393 1087 puteal
416 1013 598 1072 Christianos
621 1028 680 1070 aaa
701 1014 830 1071 inueniri
849 1014 909 1070 nisi
927 1014 957 1070 in
976 1013 1179 1070 monasteriis:
1210 1013 1284 1069 tales
1303 1015 1381 1070 airas
1408 1014 1585 1070 cordatissi-

293 1131 354 1174 mus
381 1131 440 1174 rex
462 1117 493 1173 in
517 1114 669 1186 familiam
691 1129 776 1172 saara
803 1120 891 1186 atque
916 1112 993 1170 atico
1017 1115 1048 1170 in
1070 1112 1235 1170 cubiculum
1257 1128 1315 1171 non
1336 1115 1429 1171 solum
1450 1113 1585 1183 admittit,

293 1232 394 1274 oerum
421 1216 511 1274 etiam
531 1217 649 1285 inuitat,
681 1231 735 1272 nec
755 1215 859 1272 inuitat
878 1214 979 1284 mollo,
1001 1230 1102 1272 baum
1123 1216 1210 1272 etiam
1225 1214 1394 1287 pertrabit,·
1426 1214 1479 1271 lios
1499 1214 1587 1273 babet

293 1316 420 1375 arbitros
439 1332 477 1374 ae
495 1323 580 1375 testes
598 1321 759 1389 perpetuos
779 1318 847 1374 uita
866 1332 944 1386 succ,
960 1315 1016 1373 'lios
1035 1315 1123 1373 babet
1133 1313 1336 1386 incausalis,
1357 1316 1409 1373 bas
1424 1316 1513 1374 babet
1533 1317 1584 1373 iti-

293 1432 396 1477 uerum
413 1419 533 1476 comites
541 1439 553 1485 ,·
585 1417 623 1475 ab
644 1417 691 1475 liis
711 1418 821 1490 stipari
834 1418 948 1488 quuaet
967 1418 1065 1490 potiris
1087 1431 1176 1489 qaam
1193 1418 1269 1474 lueu
1286 1416 1414 1489 perditis
1435 1418 1586 1475 iuuenibus

293 1524 342 1577 aut
357 1520 541 1577 mulierculis
568 1524 622 1577 aut
648 1519 736 1576 etiam
758 1519 902 1591 torquatis
924 1517 1019 1575 Mittis
1046 1523 1099 1575 aut
1119 1520 1284 1592 insqnceris
1308 1517 1431 1590 officiis,
1460 1535 1584 1591 quorum

293 1621 370 1678 alius
391 1619 436 1677 ad
457 1622 620 1694 uoluptates
643 1622 759 1693 ineptas
783 1627 898 1686 auocet,
928 1620 1007 1676 alius
1028 1618 1072 1675 ad
1095 1618 1283 1691 tyrannidem
1306 1620 1481 1691 inflammet,
1508 1622 1586 1678 alius

293 1719 337 1778 ad
354 1721 552 1794 expilandum
570 1722 714 1795 populum
736 1735 827 1778 nouus
847 1719 969 1778 tcebnas
990 1726 1141 1792 sapuerat.
1176 1719 1213 1777 Iu
1232 1720 1291 1778 bae
1311 1723 1383 1778 aula
1404 1723 1432 1779 si
1452 1722 1582 1793 vixisses,
1594 1735 1652 1784 §.iu
1748 1768 1751 1774 ,

293 1820 434 1893 Hullene,
460 1829 509 1880 sat
532 1824 593 1880 seio
619 1837 741 1879 rursum
768 1823 860 1879 aliam
882 1812 985 1878 aulum
1007 1820 1189 1879 describeres
1210 1828 1238 1878 et
1259 1823 1399 1879 misaulos
1418 1838 1481 1879 esse
1502 1823 1585 1880 clesi-

293 1938 392 1995 neres,
421 1939 593 1997 quanquam
623 1931 654 1980 tu
686 1938 800 1996 quoque
830 1939 897 1981 oum
922 1938 956 1980 eo
980 1923 1121 1995 principe
1148 1923 1234 1991 uiris,
1265 1929 1298 1980 ut
1322 1925 1509 1994 intepriorem
1531 1940 1586 1983 nec

293 2030 397 2099 aptare
416 2027 529 2099 possis·
560 2040 655 2097 aeque
682 2023 788 2081 desunt
815 2025 868 2095 qai
892 2023 980 2081 rebus
1005 2025 1121 2096 optimis
1145 2023 1285 2094 faueant,
1311 2026 1400 2082 aelati
1419 2024 1586 2083 Stromcrus

293 2140 329 2185 aa
347 2125 476 2201 Coppus.
519 2124 583 2182 Sed
601 2124 676 2198 quill
695 2126 751 2182 ista
768 2126 911 2198 paucitas
927 2123 971 2181 ad
990 2129 1103 2181 tantum
1117 2140 1244 2182 euameu
1265 2127 1422 2197 insiqnium
1445 2129 1652 2198 immurmuro.

293 2224 443 2296 Moritioii
474 2225 613 2296 Linaori,
647 2225 763 2297 Pacui,
796 2225 899 2295 Coleti,
933 2223 1080 2296 Stocsleii,
1112 2225 1269 2297 Latimeri,
1301 2226 1396 2298 Mori,
1431 2225 1585 2300 Turzstalli,

294 2326 403 2388 Clerici
433 2335 522 2401 atque
550 2329 677 2385 aliorum
714 2326 760 2384 bis
791 2325 986 2397 adsimilium,
1023 2341 1147 2399 quorum
1179 2344 1373 2401 quancunque
1411 2331 1612 2403 nominaris,¹

293 2429 436 2487 munaum
457 2431 586 2487 omnium
607 2430 746 2486 uirtutum
767 2442 805 2485 ae
824 2427 1052 2500 disciplinarum
1071 2430 1160 2485 semel
1177 2428 1302 2486 dixeris.
1337 2428 1416 2487 biibi
1432 2446 1501 2488 uero
1518 2422 1585 2504 spis
1595 2444 1653 2493 sn.

293 2536 335 2589 est
354 2528 591 2604 haudquaquam
613 2529 761 2602 sulpuris,
778 2527 849 2599 sore
868 2527 1064 2600 aldibertus,
1087 2532 1206 2587 unicum
1226 2530 1272 2587 bis
1287 2531 1464 2603 temporibus
1477 2511 1587 2589 nostrie

294 2630 466 2691 Germanice
486 2636 705 2702 ornamentum,
727 2635 757 2688 et
772 2632 877 2705 plures
898 2631 947 2687 sui
965 2632 1073 2688 similes
1095 2633 1125 2688 in
1148 2646 1232 2688 suam
1253 2632 1365 2702 allepat
1384 2630 1535 2702 familiam
1559 2640 1588 2691 et

294 2734 411 2792 suteris
434 2732 623 2808 principibus
646 2733 737 2805 praui
758 2733 797 2788 sit
819 2732 969 2804 exemplo,
997 2739 1030 2789 ut
1051 2732 1128 2791 illem
1153 2738 1182 2789 et
1203 2733 1262 2805 ipsi
1282 2748 1345 2789 saoe
1369 2736 1490 2806 quis-que
1509 2734 1590 2792 domi

293 2820 397 2904 faeere
415 2834 562 2893 studeant.
594 2833 694 2891 Habes
715 2835 869 2906 imaqinem
891 2832 1093 2904 adoptimum
1113 2835 1305 2908 exemploru
1325 2835 1451 2906 pessimo
1471 2837 1655 2906 artificosis.

293 2951 351 2996 aaa
373 2926 481 3010 optime
503 2935 692 2994 delineatam.
737 2948 774 2992 ea
795 2932 849 2991 ubi
867 2934 963 2992 inimus
981 2933 1126 3007 placebit,
1149 2936 1176 2993 si
1194 2936 1343 3007 continqet
1362 2934 1480 2995 Morum
1503 2952 1588 2996 nosse

293 3027 448 3113 propias-⁸
467 3037 522 3095 sed
542 3035 620 3096 illud
639 3042 736 3094 tamen
760 3036 876 3093 interim
899 3037 982 3107 cari,
1005 3052 1042 3094 ae
1063 3037 1136 3094 milii
1150 3038 1245 3110 possis
1260 3037 1424 3109 impinpere
1440 3038 1521 3110 quoa
1536 3038 1590 3096 tibi

293 3141 392 3198 minio
408 3125 582 3212 paruerim,
612 3153 684 3196 neae
705 3152 823 3210 semper
845 3136 1007 3210 opprobres
1029 3138 1150 3195 riirnium
1173 3137 1272 3195 breues
1293 3140 1447 3211 epistolas·
1474 3141 1590 3197 etiarnsi

295 3239 362 3300 nec
383 3255 439 3300 nee
459 3238 533 3297 mibi
552 3238 692 3297 scribenti
713 3240 775 3307 aisa
796 3244 840 3295 est
859 3239 989 3309 lanqior,
1012 3255 1068 3296 uec
1086 3238 1139 3295 tibi
1157 3237 1279 3311 liqenti
1301 3246 1348 3296 sat
1368 3240 1443 3310 scio,
1464 3241 1587 3312 proliaco

293 3341 457 3402 m'debitur:
489 3340 523 3399 id
540 3340 637 3412 saciet
650 3338 734 3398 Mori
753 3339 848 3396 nostri
868 3341 1009 3397 secubitus.
1050 3340 1172 3409 l'erum,
1194 3356 1232 3398 ne
1252 3340 1328 3398 nillil
1349 3339 1392 3397 acl
1404 3348 1655 3414 postremumsns.
1679 3377 1683 3386 ·

293 3448 375 3502 tuam
402 3443 557 3516 epistolam
584 3441 796 3515 respondeam,
830 3456 918 3512 quam
945 3441 1034 3514 prius
1059 3457 1200 3499 excusam
1228 3444 1289 3513 leqi
1317 3457 1406 3515 quum
1436 3444 1588 3517 seriptum,

293 3544 456 3605 clarissimi
474 3544 623 3618 principis
644 3542 757 3601 Alberti
773 3542 986 3599 inmanitatem
1008 3558 1048 3599 ea·
1070 3544 1163 3615 ipsius
1184 3544 1272 3601 etiam
1295 3543 1338 3600 ad
1357 3559 1403 3601 me
1418 3544 1517 3602 «literis
1537 3546 1588 3601 in-

294 3647 405 3706 tellexi.
448 3645 504 3703 sed
526 3646 579 3719 qui
596 3651 696 3717 quasa
717 3643 849 3745 suctum,
875 3649 908 3701 ut
925 3652 1035 3718 palera
1053 3646 1140 3717 prius
1162 3645 1205 3702 tid
1225 3661 1323 3703 omnes
1343 3648 1513 3718 peruenerit
1533 3649 1590 3705 luis

295 3747 390 3806 literis
410 3761 500 3820 quam
523 3746 567 3803 acl
585 3742 652 3804 me?
679 3751 759 3804 certe
776 3761 834 3819 per
858 3748 1002 3803 neminem
1024 3748 1133 3804 certius
1150 3748 1264 3805 mittere
1284 3753 1405 3820 poteras
1424 3762 1513 3819 qaam
1532 3764 1590 3821 per

294 3827 484 3908 Remurium
506 3847 660 3917 Peaeum,
687 3847 868 3905 serenissimi
890 3846 1006 3918 mipace
1028 3852 1108 3919 repis
1133 3855 1293 3921 oratorem,
1322 3851 1381 3907 siae
1403 3864 1449 3906 me
1469 3847 1591 3907 baberet

295 3947 467 4008 Brabuntia
487 3951 549 4008 siue
568 3948 741 4007 Britannia.
790 3946 848 4019 Tu,
877 3956 1020 4021 quantum
1044 3948 1142 4016 uideo,
1174 3956 1203 4008 et
1226 3953 1344 4009 calamo
1366 3958 1397 4009 et
1415 3943 1493 4008 ense
1503 3966 1656 4022 qna-§.m

295 4052 371 4110 riter
387 4032 589 4130 belliqeraris,
611 4066 666 4108 neo
681 4051 778 4108 minus
799 4055 897 4106 tamen
906 4048 1039 4120 feliciter
1050 4066 1139 4123 quam
1153 4050 1292 4122 sortiter:
1313 4069 1383 4110 nam
1399 4052 1484 4124 apud
1501 4067 1589 4108 rere-

294 4151 503 4214 nudissimum
524 4151 712 4210 cardinalem
729 4131 901 4221 Cai'eiunam
924 4151 1015 4209 audio
1035 4159 1063 4209 te
1075 4168 1216 4226 moqnum
1230 4155 1319 4211 etiam
1334 4156 1434 4211 iniisse
1445 4153 1589 4223 qratiam.

363 4350 470 4401 tilium
484 4354 510 4401 2.
523 4368 580 4419 sqq.
600 4350 619 4384 ¹¹
639 4350 773 4402 misaulus
786 4355 810 4401 7.
821 4353 845 4401 8.
881 4348 1019 4416 μίσαυλος
1035 4356 1170 4416 scripserit
1182 4351 1313 4402 Erasmus.
1385 4349 1406 4383 ¹³
1423 4349 1589 4399 Stoesehleii

297 4438 409 4488 imm.
451 4435 654 4487 Stoeicheliii.
697 4426 941 4486 Stoetchletiirs.
959 4435 1105 4496 ¹aloannoe
1128 4436 1280 4484 Stocsleius
1302 4431 1466 4501 [Stokeslep]
1490 4439 1591 4499 proetor

297 4521 494 4574 scholasticam
513 4521 585 4570 hune
603 4520 788 4587 theologiam,
808 4522 836 4570 in
855 4537 908 4586 qua
921 4520 1024 4570 nemini
1038 4520 1125 4580 cedit,
1146 4521 1226 4569 trium
1246 4521 1330 4570 etiam
1349 4519 1505 4584 linguarum
1517 4519 1590 4569 hana

297 4606 450 4672 vulgariter
466 4606 585 4671 peritus,
600 4621 617 4654 a
629 4606 717 4655 soom
729 4602 784 4670 [est
796 4607 899 4671 Anqiire
910 4600 1007 4668 repiJ.''
1026 4604 1132 4652 Erasm.
1146 4604 1297 4653 Bombosio
1315 4604 1340 4652 d.
1354 4602 1395 4652 ⁶26.
1409 4603 1461 4653 Iul.
1475 4619 1500 4653 a.
1517 4603 1590 4654 1518.

298 4689 377 4758 (Opp.
390 4689 478 4740 Bauli.
495 4689 568 4738 loto,
582 4694 647 4738 tom.
662 4689 712 4738 111.
727 4704 752 4753 p.
766 4687 807 4739 93.
844 4692 913 4755 Epp.
928 4689 970 4738 ed.
984 4689 1017 4736 L.
1031 4689 1063 4736 B.
1079 4686 1152 4737 1700.
1165 4703 1238 4737 num.
1254 4688 1438 4753 occussis),
1459 4703 1519 4753 quae
1533 4692 1590 4755 epi-

297 4774 367 4826 stola
376 4779 531 4824 ceterorum
545 4789 651 4839 quoque
664 4773 716 4822 h.l.
725 4775 924 4823 nominatorum
937 4772 1086 4838 Anglorum
1096 4772 1193 4823 laudes
1206 4773 1295 4834 fusius
1306 4775 1488 4838 prosequitur.
1519 4775 1591 4825 'Pori-

298 4858 475 4925 melliasqq.
529 4857 806 4908 ’.ειεείιιιὶΙὶιιιιιΜΙ
856 4856 876 4890 ¹⁸
895 4857 1062 4923 estleia&
1110 4855 1403 4912 ”deliniatum1...o.
1450 4857 1473 4892 ¹⁷
1492 4874 1550 4910 exo.
1565 4877 1591 4925 q.

299 4944 507 4998 resonata.
560 4940 768 4994 ”Britania-l.
804 4944 928 5011 graviter
940 4944 1000 4997 m.
1031 4942 1053 4975 ³⁸
1072 4940 1133 5012 neo]
1153 4958 1208 4994 non
1221 4944 1278 4995 l.8.
1298 4944 1331 4997 R.
1347 4946 1370 4996 1.
1390 4946 1460 4998 omis.
1475 4945 1501 4995 2.
1514 4960 1571 5013 sqq.
