3917 5950
375 623 388 692 1
400 623 447 694 74
499 637 623 686 LXXXI.
642 651 725 686 uvrr.
737 649 775 684 An
787 649 918 685 ruscino.
931 650 975 684 ει».
1006 636 1145 686 LXXXII.
1160 651 1244 686 nourr
1254 651 1291 686 sn
1301 645 1663 689 snnsu.rr.n.tt.1vr..tsts.

312 807 489 870 §.oflaerent
509 806 563 864 ista
586 805 656 864 mibi
678 805 775 863 animo
797 822 832 863 ac
853 803 1015 864 diutissime
1038 803 1206 873 lraerebunt,
1241 812 1299 865 tam
1329 807 1397 884 quia
1425 824 1481 885 per
1503 826 1535 866 se
1558 826 1663 886 magna

370 909 440 968 satis
462 914 543 974 sunt,
574 924 660 984 quam
684 906 750 984 quia
773 912 861 983 auget
883 924 931 975 ea,
962 905 1041 984 quod
1063 904 1130 974 tibi,
1161 906 1274 967 civitate
1300 909 1411 985 pariter
1438 927 1472 968 ac
1495 908 1599 968 ordine
1621 908 1665 967 di·

312 1023 469 1077 §.aver-so,
501 1015 621 1084 accepta
642 1006 748 1065 relero.
804 1004 888 1076 Quod
915 1005 966 1067 ubi
996 1008 1107 1085 cogito,
1141 1014 1170 1066 ot
1199 1010 1266 1086 quia
1295 1007 1331 1070 ab
1359 1011 1479 1071 ineunte
1508 1018 1594 1070 aetate
1622 1011 1666 1070 sie

371 1112 456 1171 vitam
482 1109 612 1177 institui,
646 1115 678 1167 ut
706 1126 793 1185 quam
824 1109 1006 1185 gratissimus
1034 1127 1098 1168 esse
1125 1108 1272 1179 studeam,
1307 1129 1380 1189 erga*
1407 1129 1458 1171 eos
1488 1113 1664 1188 presertim,

370 1231 496 1291 quorum
519 1210 614 1288 aliqua
635 1210 665 1268 in
684 1196 735 1268 ¹mo
758 1209 935 1287 benignitas,
959 1210 1067 1270 nedum
1082 1210 1313 1280 benemeritum,
1335 1221 1491 1290 perspecta
1513 1214 1565 1282 sit,
1589 1210 1689 1274 nun³⁵

370 1332 458 1392 quam
481 1311 582 1372 desino
604 1311 757 1388 magnifice
781 1319 860 1371 tuam
883 1311 912 1369 in
936 1329 983 1370 me
1005 1309 1236 1372 benevolentiam
1258 1321 1365 1392 tuaque
1387 1316 1442 1374 ista
1463 1315 1567 1374 merita
1585 1333 1666 1374 com·

370 1432 544 1474 memorare.
589 1410 698 1482 Quodsi
720 1412 842 1471 molesta
865 1412 918 1471 luit
940 1412 1003 1472 baec
1026 1413 1076 1473 tibi
1098 1414 1279 1474 taciturnitas
1301 1434 1381 1484 mea,
1408 1415 1444 1475 da
1467 1417 1581 1476 reniam
1605 1417 1667 1493 iugi

312 1516 492 1593 §.aposthac
513 1513 665 1574 literarum
687 1514 825 1574 missione
847 1515 991 1574 resarcire
1012 1515 1135 1592 paranti.
1178 1515 1294 1575 Etiam
1316 1517 1422 1595 quaeris
1445 1517 1535 1583 torte,
1561 1535 1666 1594 quem·

369 1617 527 1678 admodum
550 1636 597 1675 me
620 1621 724 1675 tractet
746 1614 837 1674 aulica
860 1616 925 1674 rita.
980 1615 1127 1702 nondun
1145 1617 1270 1693 optime;
1304 1635 1470 1696 quanquam
1501 1618 1572 1696 quid
1602 1637 1664 1678 non

369 1720 523 1780 ferendum
546 1724 590 1777 est
611 1716 689 1794 apud
712 1735 779 1776 vore
795 1717 958 1794 principem
972 1716 1124 1777 Albertum
1140 1717 1408 1796 archiepiscopum,
1431 1720 1473 1779 sic
1488 1720 1663 1787 humanum,
1676 1737 1701 1776 io

369 1822 411 1880 sic
438 1820 603 1880 beneficum
630 1837 664 1878 ae
694 1816 859 1887 liberalem,
892 1818 998 1878 deinde
1027 1820 1069 1879 sic
1102 1837 1170 1897 erga
1204 1818 1305 1880 literas
1333 1839 1367 1880 ac
1396 1819 1526 1880 literatos
1560 1838 1666 1880 omnes

370 1921 523 1982 allectum?
546 1919 653 1998 alioqui
674 1918 757 1978 raldo
779 1920 833 1978 ista
856 1937 979 1988 nauseo,
1003 1920 1109 1979 lasturu
1132 1920 1310 1991 aulicorum,
1332 1923 1485 1999 magnilica
1507 1925 1666 2000 promissa,

311 2036 356 2086 §.o
369 2022 586 2101 sesquipedales
618 2019 823 2089 salutationes,
862 2020 999 2080 insidiosa
1032 2020 1176 2100 colloquia
1209 2030 1238 2082 ct
1271 2023 1373 2082 inanes
1405 2023 1510 2083 lumos.
1555 2023 1666 2085 Praeei-

368 2143 426 2202 pua
448 2132 545 2184 tamen
568 2123 639 2182 mibi
662 2121 842 2182 consuetudo
865 2129 908 2182 est
929 2140 998 2186 oum
1013 2121 1164 2182 Stromero
1180 2123 1313 2203 physico,
1337 2124 1415 2203 quod
1437 2122 1566 2185 se‘mira
1583 2145 1665 2204 quae·

330 2261 332 2265 ·
368 2227 436 2286 dam
468 2225 562 2294 dedit,
597 2231 628 2283 ut
660 2223 730 2283 mibi
760 2223 888 2293 videtur,
922 2223 999 2282 inter
1025 2218 1178 2302 utriusq'ue
1205 2243 1304 2285 mores
1330 2225 1503 2286 similitudo:
1536 2226 1700 2304 simplexea

369 2335 428 2397 est,
458 2327 561 2387 dexter
583 2333 612 2387 et
632 2333 765 2403 apertns;
793 2325 855 2384 odit
879 2325 993 2393 lucum,
1017 2324 1177 2386 detestatur
1202 2343 1354 2404 pompam,
1384 2346 1418 2387 ac
1442 2326 1568 2388 subinde
1590 2329 1665 2388 mibi

368 2429 474 2490 crebro
496 2426 623 2488 inculcat
643 2426 776 2505 quaedam
798 2426 912 2504 adagim
944 2426 1008 2503 ipse
1031 2427 1156 2486 vicissim
1178 2445 1274 2496 meos,
1297 2426 1534 2505 quandoquidem
1557 2432 1665 2508 agnovi

300 2539 359 2589 §.tt
369 2529 473 2599 talem,
503 2531 584 2588 iocos
610 2529 810 2588 communico:
833 2546 900 2586 nam
916 2527 1013 2586 statim
1036 2526 1072 2586 ab
1094 2528 1175 2587 initio
1198 2535 1230 2588 ut
1251 2530 1282 2588 in
1304 2527 1400 2590 aulam
1421 2538 1560 2607 receptus
1585 2549 1663 2600 sum,

314 2664 320 2676 ·
367 2637 521 2709 perspecta
553 2629 679 2689 hominis
711 2629 856 2706 probitate
890 2627 1044 2704 complecti
1077 2630 1152 2706 coepi
1180 2648 1215 2691 ac
1244 2649 1292 2691 me
1321 2629 1367 2691 ille
1402 2639 1515 2691 mutuo.
1551 2630 1663 2692 Verum

367 2739 398 2792 tu
421 2731 491 2810 quid
513 2731 574 2810 agis
595 2731 699 2791 isthic?
722 2738 771 2791 aut
793 2729 909 2809 qnando
932 2728 1003 2789 illud
1025 2729 1111 2789 nobis
1133 2730 1211 2808 quod
1234 2731 1284 2793 diu
1298 2732 1356 2793 iarn
1371 2734 1514 2809 parturis.
1538 2734 1720 2807 tandcmso¹

368 2833 464 2912 paris?
487 2833 516 2893 Si
539 2831 675 2910 intelligis
697 2830 816 2891 dilutum
839 2833 875 2891 iri
898 2837 1089 2900 conventum,
1118 2833 1236 2909 copiose
1257 2833 1354 2894 scribe
1377 2833 1414 2894 de
1437 2833 1539 2894 multis
1560 2835 1662 2904 rebus,

298 2937 531 3014 tupraesertim
554 2954 586 2996 oa
609 2953 673 3014 qnae
695 2935 725 2994 in
748 2934 871 2993 erratica
892 2931 939 2993 illa
956 2931 1076 3012 epistola
1091 2933 1220 3005 inerant,
1244 2942 1353 2996 retexe.
1391 2935 1421 2995 Si
1437 2936 1557 3015 ignoras
1573 2938 1662 3006 enim,

366 3038 498 3099 nondum
521 3039 630 3115 accepi.
674 3022 819 3096 Salutabis
846 3053 881 3095 ex
903 3053 951 3095 me
972 3034 1112 3095 iacobum
1134 3034 1251 3114 Spiegel
1280 3038 1486 3108 secretarium,
1521 3040 1597 3098 mire
1624 3039 1662 3099 de

367 3140 452 3201 nobis
478 3142 631 3207 meritum,
663 3156 722 3198 una
750 3156 817 3198 eum
845 3136 944 3196 Stablo
972 3136 1192 3206 mathematico,
1226 3157 1261 3198 ac
1288 3137 1327 3197 illi
1359 3158 1407 3200 me
1439 3124 1669 3222 commendabis

365 3243 495 3301 omnium
526 3242 576 3320 qni
603 3258 727 3318 usquam
755 3247 823 3298 sunt
852 3239 1058 3316 episcoporum
1092 3239 1274 3307 doctissimo,
1306 3239 1395 3300 Petro
1423 3240 1558 3303 Ronoino
1586 3242 1697 3305 'ier-as

365 3344 492 3420 goslino,
522 3343 605 3402 euius
626 3341 697 3401 milri
720 3340 876 3400 amicitiam
905 3340 1073 3416 promisisti.
1119 3341 1219 3401 Gestio
1248 3359 1298 3401 vos
1326 3342 1432 3403 videre.
1477 3342 1600 3403 interim
1628 3352 1662 3403 tu

364 3460 483 3521 quoque
505 3450 585 3504 recte
607 3442 678 3504 vale.
713 3441 867 3520 llaguntia.
906 3439 977 3500 Vlll.
1003 3439 1100 3503 Galen.
1124 3441 1207 3503 lunii.
1230 3442 1314 3503 Anno
1329 3451 1396 3522 post
1410 3444 1448 3503 M.
1464 3463 1500 3504 ac
1515 3443 1659 3503 bnt-¹111.

808 3607 1207 3627 ——--————-

348 3708 350 3713 ,
381 3759 507 3795 cortun.
904 3727 1106 3802 LXXXII,
1461 3756 1492 3796 u.
1507 3763 1566 3798 ιη.
1582 3757 1643 3798 isis.

363 3812 550 3822 —
1426 3815 1629 3825 -ᾕ

669 3900 837 3957 nlnrtlt'vs
859 3902 997 3959 uonrlvs
1019 3901 1150 3959 Enasno
1173 3901 1248 3958 flor.
1271 3901 1297 3956 S.
1321 3902 1348 3956 o.

447 4037 550 4094 literas
573 4043 648 4098 tuas,
686 4038 859 4093 ornatissime
887 4037 1009 4099 Erasme,
1043 4055 1099 4092 non
1127 4037 1179 4092 dici
1207 4044 1300 4110 potest
1329 4055 1409 4111 quam
1437 4040 1589 4111 acceperim
1612 4057 1659 4095 ru·

362 4125 424 4198 pide
427 4164 954 4177 ..................
978 4122 1042 4189 Quae
1065 4121 1214 4194 scripsisti,
1239 4124 1351 4177 luerunt
1375 4123 1464 4177 orrnria
1488 4141 1554 4183 sane
1578 4142 1690 4198 quamn

361 4208 524 4284 gratissima.
568 4224 651 4263 unum
673 4207 725 4264 hoc
746 4206 892 4263 molestum
916 4214 958 4264 est
977 4206 1097 4261 nondum
1113 4206 1237 4262 sedatum
1253 4224 1328 4268 esso,
1353 4208 1427 4279 quod
1443 4207 1559 4263 maximo
1578 4226 1659 4283 opor·

374 4385 1093 4463 Lxxxn.15..5=1ndi0.bibliogr.n⁰.53,r..‚s.
1166 4387 1190 4450 1)
1209 4404 1235 4453 p.
1255 4386 1379 4453 312sqq.
1450 4388 1477 4451 ’2)
1496 4405 1522 4453 p.
1537 4388 1643 4454 ⁶281.eq.

470 4475 496 4537 3)
515 4474 656 4539 p.266.sq.
725 4474 752 4534 l)
771 4491 796 4538 p.
804 4471 930 4536 380.sqq.
943 4472 1004 4521 Vll.
1016 4470 1037 4524 l.
1117 4471 1142 4534 5)
1163 4472 1225 4522 coll.
1239 4470 1346 4536 331.sq.
1362 4471 1548 4522 n⁰.cccx1111.

428 4608 439 4640 ⁵
456 4609 626 4676 benignitas]
645 4611 843 4661 benevolentia
862 4612 889 4659 4.
929 4608 954 4639 ·⁷
974 4609 1054 4670 Quod
1073 4607 1166 4672 (omiss.
1181 4609 1216 4671 si)
1236 4611 1262 4659 3.
1271 4612 1296 4658 1.
1361 4606 1383 4641 ¹⁰
1399 4606 1607 4674 Archepil'copt‘r
1624 4609 1656 4658 Α.

360 4690 381 4723 ¹¹
394 4692 688 4753 doinde...offeetum
701 4702 771 4756 omis.
785 4697 810 4744 4.
858 4694 1073 4747 misticum.
1118 4690 1489 4760 Ι3411811011οτμιιοεέ.
1534 4691 1654 4744 ²⁵P.Bo·

358 4773 449 4841 nomo]
464 4777 510 4839 qui
529 4778 557 4825 in
570 4784 706 4827 conventu
716 4781 877 4846 Augustano
895 4780 1004 4828 nomine
1015 4779 1153 4829 Coesareae
1165 4780 1323 4828 maiestatis
1343 4777 1438 4843 legato
1445 4776 1598 4843 pontificio
1615 4793 1653 4827 re·

359 4860 483 4925 spondit,
502 4875 564 4911 eum
581 4862 709 4912 Albertus
720 4865 899 4930 Mogontinus
918 4863 1069 4914 cardinalis
1088 4862 1176 4958 lieret.
1251 4861 1274 4895 η
1290 4864 1443 4928 Moguntiae
1455 4862 1491 4913 B.
1506 4864 1533 4912 3.
1544 4864 1571 4913 d.
1623 4876 1654 4911 ee

358 4945 470 4998 omts.B.
483 4946 546 4997 Μ.
944 4942 946 4947 ’
