3917 5950
397 618 445 691 26
516 679 523 694 ‚
649 631 697 680 XI.
722 644 858 680 errorores
872 645 995 680 ararem
1007 643 1045 679 ao
1058 645 1199 680 rnacuvrr.
1214 649 1239 681 n.
1253 642 1286 681 at.
1301 647 1364 684 avo.
1381 643 1438 683 15¹2.

425 955 565 990 BONONIAE·
1005 918 1073 993 XI·

378 1057 381 1065 Ι
674 1076 677 1083 ¹
714 1108 897 1169 Errsromt
918 1108 1083 1170 llllTTENl
1108 1110 1156 1170 ab
1178 1110 1364 1173 roncavit.

339 1266 384 1315 §.r
482 1247 546 1308 Nou
569 1246 667 1335 scribo
682 1259 768 1305 ‘nuuc
790 1245 894 1305 breves
916 1247 952 1305 acl
975 1253 1004 1306 te
1025 1246 1138 1317 literas,
1162 1248 1289 1321 l'lraehe,
1312 1248 1349 1308 ob
1373 1268 1436 1309 eam
1460 1266 1587 1315 causam,
1611 1247 1688 1324 quorl

395 1351 494 1411 itidem
517 1348 621 1434 breves
640 1338 695 1408 abs
718 1353 746 1406 le
768 1355 929 1425 expectem,
952 1348 1005 1408 seri
1028 1351 1094 1428 quia
1116 1348 1156 1408 illi
1179 1351 1228 1428 qui
1244 1352 1378 1420 alierunt,
1402 1350 1514 1427 gravari
1530 1335 1563 1408 se
1570 1355 1688 1427 putaui,

395 1454 419 1513 si
441 1451 609 1513 maiuseulae
632 1449 787 1510 extiterint.
812 1449 920 1511 Verum
942 1459 973 1512 tu
996 1451 1067 1511 milri
1090 1453 1207 1530 copiose
1230 1454 1266 1512 cle
1289 1453 1378 1514 rebus
1400 1451 1536 1512 omuibus
1558 1451 1686 1518 scribito,
1710 1479 1722 1516 5

395 1573 468 1634 quas
490 1554 526 1613 ad
547 1572 595 1613 me
618 1533 765 1641 {terlinere
787 1552 992 1621 arbitraberis;
1022 1554 1108 1613 etiam
1130 1555 1209 1632 qnod
1235 1556 1271 1615 acl
1292 1554 1473 1615 ‘lrelrellium
1503 1571 1688 1614 communem

336 1677 380 1727 §.a
396 1659 521 1719 amicum
544 1655 695 1734 spectabit.
729 1655 831 1715 tltllrnc
854 1654 1013 1716 Vulcanum
1035 1656 1171 1726 aemulor,
1194 1676 1296 1717 verum
1318 1644 1473 1735 aliquamlo
1496 1652 1690 1715 miserabilius

395 1740 482 1838 quam
505 1776 612 1836 nuper:
637 1759 735 1818 nescio
758 1775 794 1816 au
812 1758 941 1817 Torlunar
963 1757 1021 1817 lroc
1044 1759 1139 1834 potins
1155 1778 1242 1837 quam
1257 1760 1412 1820 temeritati
1426 1776 1498 1818 mean
1514 1756 1687 1841 orlseribaru,

395 1863 473 1940 qnorl
500 1862 571 1922 milri
597 1863 627 1920 in
650 1868 750 1920 tenera
772 1866 856 1920 aetate
878 1858 966 1919 nullis
988 1859 1071 1920 malis
1093 1860 1253 1920 subeundis
1275 1861 1409 1938 peperei;
1437 1858 1568 1937 gratulor
1590 1866 1687 1917 tanum

394 1964 480 2033 milri,
510 1963 588 2042 quorl
619 1962 721 2022 bonas·
732 1961 837 2050 literas
864 1961 1015 2040 sequendo
1038 1981 1071 2023 ea
1093 1982 1158 2042 quae
1181 1956 1299 2024 minime
1322 1961 1488 2041 quaerebam
1516 1960 1721 2021 irrrenerim.1o

336 2090 381 2140 ua.
397 2069 455 2129 Seri
479 2075 512 2127 tu
532 2066 602 2145 quid
624 2067 705 2143 agis?
727 2064 810 2124 ducis
832 2082 868 2123 an
892 2064 1026 2125 duceris?
1048 2064 1076 2124 io
1100 2072 1200 2146 ester
1224 2072 1266 2124 tot
1287 2063 1392 2142 puellis
1415 2062 1578 2123 Senonibus
1599 2079 1688 2120 uuam

395 2170 447 2230 tibi
470 2169 655 2229 matrimonio
679 2166 767 2245 (quod
790 2183 886 2243 nuper
905 2165 994 2244 aliqui
1014 2168 1216 2243 susurrabant)
1240 2166 1415 2233 conscribis,
1439 2184 1475 2224 an
1498 2171 1585 2241 caput
1599 2163 1686 2229 raelis,

397 2279 428 2333 ut
450 2271 555 2349 {lignus
576 2273 628 2329 lias
650 2267 775 2328 eoelestis
797 2267 867 2326 boni
888 2268 1082 2327 ruminando?
1109 2287 1146 2328 an
1168 2270 1225 2329 lroc
1246 2268 1325 2346 qnod
1347 2276 1379 2328 tu
1407 2266 1587 2345 respondere
1614 2263 1688 2322 sole·

337 2385 382 2444 cl,
398 2373 464 2443 hm,
493 2372 630 2432 l'lraelrus
652 2369 771 2431 mauesl
801 2367 884 2428 Libet
912 2368 1032 2447 paulum
1055 2370 1091 2430 rie
1113 2390 1160 2431 me
1182 2371 1328 2439 scribere,
1356 2372 1385 2429 iu
1414 2368 1552 2430 umbilico
1580 2367 1689 2425 mensis

328 2549 333 2559 .
396 2473 502 2551 Aprilis
524 2474 642 2550 Papiam
665 2472 859 2533 lusubrornrn
880 2471 986 2532 urbem
1001 2473 1114 2541 intravi,
1137 2473 1175 2533 ibi
1197 2481 1229 2533 ut
1244 2473 1425 2533 erinstitnto
1440 2471 1553 2549 iegibus
1568 2486 1723 2546 operareris

394 2576 505 2636 clarem,
550 2574 660 2643 (lirano
683 2591 784 2645 mense
806 2559 961 2652 postquam
983 2575 1168 2643 intraveram,
1192 2594 1208 2634 a
1230 2574 1382 2635 Gallorum
1405 2572 1552 2640 urilitibus,
1576 2573 1625 2650 qui
1643 2589 1688 2629 ar·

394 2679 463 2770 mati
487 2676 590 2737 urbem
613 2676 752 2737 adversus
766 2674 912 2736 Helvetios
931 2675 1078 2744 terrebant,
1101 2684 1162 2736 tres
1182 2676 1244 2736 (lies
1259 2677 1397 2761 integros,
1421 2694 1587 2754 quanquam
1603 2675 1689 2733 etiam

395 2780 477 2840 lebre
504 2777 656 2847 laboranS,
685 2779 715 2837 in
743 2778 951 2855 angustissimo
979 2795 1098 2837 recessu
1127 2777 1232 2838 rlomns
1259 2778 1396 2838 obsessus
1424 2797 1505 2847 sum,
1533 2783 1689 2854 ccrtrrsque

380 2860 469 2942 'mori
492 2882 549 2942 boe
570 2881 641 2940 milri
663 2879 842 2958 epitaphium
855 2881 919 2950 ,leri
941 2887 970 2940 et
992 2881 1134 2958 seriptum
1156 2881 1292 2959 apposui:
1499 2956 1510 2978 ·

639 2984 694 3053 Qui
718 2983 825 3044 misere
845 2990 932 3043 uatus
954 2982 1121 3044 miserabile
1143 2984 1257 3043 transiit
1278 3001 1385 3052 eornm,
1696 3008 1722 3048 ro

698 3086 783 3163 Saepe
804 3083 914 3145 uralum
937 3091 1031 3164 terra,
1054 3092 1317 3164 saepeqne‘passus
1339 3104 1428 3164 aqna,

533 3220 535 3223 ⁴
585 3204 588 3209 ·
638 3189 692 3249 llic
714 3188 789 3247 iacet
810 3185 970 3247 Hutteuus:
993 3186 1067 3247 Galli
1090 3186 1130 3246 nil
1152 3186 1210 3248 tale
1232 3189 1356 3248 merenti

696 3288 844 3349 lusoutem
866 3288 969 3366 gladiis
991 3289 1126 3367 eripuere
1148 3290 1282 3350 arriuram.

638 3393 668 3450 Si
691 3392 744 3451 luit
767 3409 801 3451 ex
825 3392 899 3460 lato,
922 3398 954 3451 nt
976 3397 1053 3451 totos
1075 3390 1151 3452 male
1173 3393 1281 3452 viveret
1302 3408 1407 3460 anuos,

684 3493 835 3571 'liptatnm
858 3499 914 3563 est,
938 3492 1018 3571 quod
1039 3500 1100 3553 tam
1122 3494 1234 3554 corruit
1255 3492 1302 3554 ille
1325 3495 1391 3554 cito.

637 3596 703 3673 lpse
725 3613 794 3655 snas
816 3594 905 3656 coluit
926 3614 980 3672 per
1002 3593 1081 3655 mille
1102 3594 1232 3672 pericula
1254 3594 1365 3664 Musas,

698 3696 734 3756 Et
756 3698 856 3775 quanti
879 3698 986 3775 potnit,
1010 3696 1147 3757 carminis
1169 3705 1254 3757 autor
1276 3705 1347 3759 erat.

334 3822 379 3872 §.a
393 3801 484 3862 Paulo
506 3807 573 3878 post
594 3800 657 3859 bae
680 3805 764 3876 capla
786 3798 822 3858 ab
838 3797 974 3859 llelvetiis
996 3799 1072 3861 urbe
1093 3807 1233 3879 tanquam
1255 3802 1304 3878 qni
1327 3807 1421 3861 eastra
1437 3798 1588 3860 Gallorum
1607 3800 1688 3876 sequi

370 3891 495 3963 'solitus
517 3920 622 3969 essem,
645 3901 708 3979 ipse
730 3920 847 3980 qnoque
869 3911 972 3980 eaptus
994 3921 1074 3969 snm,
1094 3888 1237 3981 'spoliatus
1259 3910 1288 3963 et
1301 3901 1513 3965 arriserabilitor
1533 3901 1602 3961 bine
1621 3901 1688 3959 inde
1730 3957 1744 3980 ο
1766 3879 1779 3908 ’

393 4011 572 4084 pertractem,
596 4003 690 4063 donec
711 4002 843 4073 tandem,
866 4005 979 4065 arnissis
1002 4005 1178 4084 quibusdam
1200 4005 1284 4066 bouis
1307 4012 1336 4065 et
1362 4006 1508 4082 pecuniis,
1537 4003 1722 4066 liber-atussa

307 4104 309 4108 ’
333 4134 378 4185 μ,
393 4108 485 4187 igitur
506 4106 574 4166 bine
596 4104 711 4165 solvens
726 4106 839 4165 deserta
856 4106 930 4167 urbe
945 4126 1032 4168 omne
1047 4126 1140 4187 genus
1154 4107 1250 4169 turbis
1264 4114 1415 4185 occupata,
1437 4106 1588 4183 sauguine,
1614 4106 1688 4164 lame

392 4220 421 4272 et
442 4208 607 4290 pestilentia
628 4209 750 4276 inlecta,
773 4207 935 4269 Bononiam
958 4227 1060 4272 meuse
1082 4210 1155 4273 lulio
1176 4210 1255 4288 petii.
1293 4208 1456 4268 Rononiam
1469 4209 1597 4286 'inquam
1617 4207 1687 4268 illud

390 4398 438 4447 xl.
466 4394 1091 4473 1=Monum.(Indie.bibl.n⁰.653)p.lt.lll.
1139 4394 1386 4461 2=Wogenoeib
1406 4393 1483 4456 (ibid.
1498 4410 1523 4444 u.
1536 4394 1590 4459 71.)
1604 4395 1642 4445 n⁰.
1655 4411 1685 4444 11.

627 4477 703 4544 pbr.
711 4479 753 4530 58.
805 4478 822 4530 3
833 4499 867 4523 =
879 4480 1078 4531 laurentiaca.
1088 4478 1300 4541 (intemerati.
1309 4497 1335 4544 p.
1345 4479 1451 4542 leaeq.

458 4631 469 4664 ²
481 4632 630 4682 Hutteril.
689 4634 830 4685 Huttenus
843 4635 878 4684 ad
891 4624 1078 4685 Phechnm.2.
1103 4633 1255 4684 Bolthaser
1265 4633 1428 4695 Fabricios,
1447 4632 1545 4683 Focba
1562 4632 1688 4682 evacua

390 4716 438 4780 (orl
451 4715 588 4778 ll'errom)
602 4718 743 4767 oriundus.
778 4717 913 4786 ‚⁸Treb.]
927 4720 1115 4770 Hermonnum
1128 4718 1298 4769 Trebellium
1308 4720 1459 4769 Notionem
1471 4717 1687 4768 sivclsenaeen·

390 4818 461 4863 sem,
480 4801 580 4865 dequo
597 4801 661 4852 vide
679 4816 762 4866 supra
780 4802 855 4868 plo.
926 4804 1109 4855 ⁷Vulcanum
1127 4804 1536 4854 aemulori.e.clouduesum.-
1584 4801 1606 4834 ¹²
1625 4818 1688 4852 eou-

390 4886 498 4937 oeribas
512 4889 537 4934 1.
608 4884 629 4917 ¹⁴
647 4886 727 4936 Ludit
740 4887 861 4953 marbipor's
872 4890 956 4941 verbis
967 4890 1079 4942 Foebus
1091 4897 1117 4940 et
1134 4903 1237 4955 vagus,
1256 4892 1274 4939 ι’.
1287 4905 1310 4938 e.
1323 4889 1424 4939 cereos.
1495 4886 1516 4920 ¹⁵
1534 4887 1650 4937 ibicum
1664 4889 1688 4937 1.

388 4970 412 5004 ¹⁷
429 4972 507 5037 potui
522 4972 546 5020 1.
