3917 5950
524 374 535 399 ἱ

390 593 463 668 284
540 608 646 661 CXXX.
666 623 768 661 susem
783 624 845 661 eor.
859 624 895 662 sn
908 625 1040 663 reverens
1054 620 1384 666 ruouauoeoer.1›.t³.
1399 629 1456 666 1vi.
1472 620 1530 668 titt.

385 782 473 843 redit.
519 781 665 856 [mirquid
683 781 826 855 dionitate
847 783 939 853 aelel,
961 783 1104 865 quicquid
1121 785 1207 858 apud
1226 786 1439 862 amplissimum
1456 803 1557 862 repeat
1575 775 1723 860 “errati⁴²

319 886 490 960 imputet,
518 884 551 941 id
574 899 659 942 omne
686 884 827 942 iuvandae
854 883 1042 977 reipublicae,
1069 887 1207 946 iuenudis
1229 889 1512 971 amicssimpeudit.
1555 884 1736 963 Semper-f

385 987 503 1060 quidem
525 983 628 1055 adfecit
648 987 764 1042 animus
785 986 822 1043 de
841 988 954 1044 curretis
975 986 1047 1046 beue
1069 988 1205 1047 merendi
1225 991 1435 1064 mmidesimus
1451 994 1584 1065 mboque
1601 1004 1753 1065 pro-¹*

363 1103 442 1177 :aas
463 1086 507 1144 nd
519 1081 781 1154 misericordiam,-
807 1103 873 1145 eum
896 1104 977 1146 niuno
1000 1092 1096 1162 mapis
1123 1093 1236 1162 exerit,
1259 1092 1379 1165 quartdo
1398 1098 1494 1165 potest
1509 1080 1582 1166 plus
1597 1108 1762 1165 pro‘-4

385 1189 485 1265 desse:
509 1190 583 1247 otios
601 1189 731 1262 pemeria
751 1188 896 1275 subleuat,
924 1192 998 1249 alios
1018 1195 1177 1251 autoritate
1198 1199 1309 1264 tuetur,
1328 1195 1403 1252 alios
1424 1193 1681 1269 commendation-
1697 1198 1789 1247 sti

382 1290 534 1364 provebit:
566 1306 638 1363 quos
659 1292 773 1363 alioqui
791 1292 895 1349 iuuare
922 1307 980 1349 nort
1004 1299 1114 1365 potest,
1142 1293 1188 1352 bis
1213 1296 1335 1354 consilio
1362 1296 1532 1362 succurrit,·
1563 1295 1779 1375 nattum

379 1407 514 1465 unquam
536 1407 556 1449 a
578 1408 609 1450 se
630 1395 741 1451 tristem
763 1392 887 1450 dimisit:
918 1393 1033 1451 diceres
1054 1393 1171 1453 diorum
1197 1411 1260 1453 esse
1284 1395 1436 1469 publicum
1466 1398 1598 1454 omniurn
1627 1397 1694 1453 in·
1713 1409 1785 1450 ε-

383 1509 470 1568 apum
495 1499 677 1567 patronum·
711 1496 814 1565 iupeus
838 1495 954 1551 lucrum
981 1494 1038 1552 sibi
1060 1501 1149 1567 praelat
1175 1499 1347 1566 accessisse,
1379 1499 1493 1569 siquem
1525 1506 1789 1572 opressum-zm

383 1594 558 1664 subleuauit,
586 1597 614 1652 si
635 1597 813 1668 perplexum
839 1601 868 1652 el
894 1596 1064 1667 impeditum
1092 1598 1250 1669 explieat,
1278 1600 1305 1655 si
1324 1600 1488 1657 alienatum
1507 1595 1627 1671 relicuit
1646 1596 1793 1677 itu-Sin

315 1699 524 1770 §.marotiam
560 1712 643 1754 neum
661 1697 806 1754 lubentius
826 1699 952 1753 collocat
973 1696 1157 1767 beneficium,
1178 1715 1262 1757 nemo
1283 1701 1380 1757 miuus
1396 1698 1574 1774 exprpbrat.
1610 1697 1795 1756 lainam

383 1814 450 1858 cum
477 1804 517 1855 lot
544 1797 707 1857 uonnnibus
733 1799 771 1854 sit
800 1797 993 1868 felicissimus
1023 1804 1052 1855 et
1079 1798 1235 1870 felicitatis
1265 1816 1360 1858 comes
1389 1781 1460 1872 fere
1490 1802 1587 1859 soleat
1615 1812 1798 1858 eseam

383 1902 543 1970 iactantia,
573 1901 685 1975 nullum
715 1898 815 1956 adlruc
842 1900 1011 1957 mortalium
1033 1900 1107 1958 aiibi
1129 1900 1232 1959 uidere
1259 1904 1381 1974 emilipii
1404 1904 1457 1975 qui
1479 1904 1599 1975 loupius
1619 1896 1798 1959 ab-d-

316 2007 458 2060 §.m-esset
478 2002 516 2059 ab
537 2001 592 2059 boc
612 2002 688 2058 uitio.
731 1997 793 2057 Sed
817 2000 860 2056 ad
885 2001 1049 2058 studiorum
1076 2005 1377 2062 commemorationem
1401 2002 1508 2076 redeo,
1535 2019 1604 2076 quoe
1632 2012 1798 2060 mma

381 2100 469 2162 Maro
490 2102 619 2176 mibique
638 2100 756 2159 Morum
780 2102 962 2174 potissimum
990 2104 1197 2161 conciliarunt.
1240 2103 1373 2161 Primam
1401 2098 1798 2162 oetatem'carmiu01we

376 2208 561 2280 potissimum
579 2206 728 2272 exercuit,
756 2218 826 2260 mou
848 2203 901 2260 diu
920 2204 1049 2261 luctatus
1070 2210 1128 2272 est,
1155 2210 1188 2262 ut
1205 2220 1327 2278 prosam
1353 2208 1516 2264 orationem
1536 2205 1798 2271 redderes-et

382 2308 557 2375 molliorem,
582 2321 641 2378 per
671 2319 755 2362 ornae
783 2306 888 2377 scripti
910 2320 1006 2376 penus
1030 2306 1127 2362 stilum
1158 2321 1321 2374 exercens·
1356 2308 1409 2380 qui
1436 2306 1605 2365 eteiusmodi
1628 2302 1793 2369 sux‘v‘l,

381 2407 455 2481 quid
480 2409 583 2465 attinet
606 2419 849 2475 conmemorare,
878 2404 932 2462 tibi
953 2407 1124 2489 prasertim
1149 2407 1202 2478 qui
1220 2406 1310 2465 libros
1337 2409 1400 2465 eius
1425 2422 1544 2481 semper
1564 2406 1791 2466 bobum-tm

314 2510 413 2566 §.tt-in
435 2503 592 2566 manibus?
622 2505 893 2564 declamationibus
906 2485 1064 2581 precipue
1081 2494 1246 2567 delectatus
1267 2515 1323 2579 est,
1351 2513 1380 2567 et
1393 2579 1394 2582 Ἴ
1407 2511 1438 2567 iu
1466 2507 1515 2566 bis
1543 2501 1788 2567 materiii‘ss‘t't

381 2610 503 2679 adoris,
530 2607 610 2681 quod
634 2609 664 2664 in
692 2607 738 2665 bis
765 2609 867 2666 acrior
894 2610 933 2666 sit
957 2610 1143 2681 inaeniorum
1170 2611 1353 2668 exeredatio.
1396 2609 1477 2669 unde
1502 2610 1707 2668 adobscene.
1721 2614 1783 2658 ⁶5

380 2712 539 2769 etiamnum
561 2709 712 2781 dialopnm
733 2708 922 2778 recumbatur,
947 2712 988 2767 in·
1001 2724 1057 2782 quo
1080 2708 1211 2771 Platonis
1228 2714 1464 2771 communitatem
1491 2712 1538 2769 ad
1565 2708 1800 2770 arbuta-‘³⁸³

380 2828 472 2887 usque
499 2809 644 2882 defendit.
686 2810 815 2870 aniani
843 2809 1055 2883 Tyrannicidae
1082 2812 1249 2885 respoudit,
1281 2827 1338 2885 quo
1366 2814 1398 2870 in
1421 2818 1599 2885 arpumemto
1629 2820 1774 2871 mitre

380 2915 469 2974 uoluit
495 2894 713 2986 ar'itapanistum
741 2911 865 2982 babere,
894 2926 951 2985 quo
972 2913 1081 2970 certius
1104 2908 1274 2987 periculum
1298 2912 1418 2986 faceret
1437 2915 1548 2988 ecquid
1561 2913 1768 2990 profe-2·

378 3019 465 3076 cisset
486 3019 516 3074 iu
535 3016 590 3073 boc
608 3031 727 3087 periere.
768 3013 902 3086 lltopiam
925 3013 980 3070 boe
1000 3016 1122 3073 consilio
1144 3015 1252 3087 edidit,
1274 3022 1307 3074 ut
1327 3015 1476 3076 indicaret
1497 3017 1604 3089 quibus
1619 3033 1764 3076 res

378 3119 432 3177 bus
445 3120 502 3190 pat
523 3125 554 3176 ut
574 3119 671 3174 minius
697 3115 846 3173 commode
867 3115 998 3174 babeant
1016 3116 1194 3189 respublicae
1201 3137 1212 3183 ,·
1243 3116 1298 3175 sed
1317 3115 1531 3175 Britannicam
1550 3120 1761 3192 pulset-2
1785 3125 1788 3129 ’

378 3225 457 3278 mum
483 3218 619 3291 effinxit,
650 3232 740 3291 quum
772 3216 860 3274 babet
887 3219 1005 3290 penitus
1036 3226 1223 3290 perspectum
1252 3220 1474 3292 copuitamque:
1509 3219 1785 3278 secundum‘b

379 3320 486 3379 librum
503 3323 591 3393 prius
610 3321 774 3392 scripserat
787 3335 844 3400 per
861 3322 971 3390 ocium,
994 3333 1064 3379 moe
1080 3335 1138 3391 per
1153 3321 1337 3376 occasionem
1354 3320 1488 3392 primum
1507 3320 1620 3378 adiecit
1634 3323 1756 3378 etz:

312 3428 526 3495 §.¹².tempore,·
557 3428 646 3493 eatque
666 3421 736 3478 libre
756 3421 900 3477 nonnulla
927 3421 1063 3477 dictionis
1090 3421 1290 3491 inmortalitas.
1343 3419 1401 3479 Vin
1422 3421 1515 3479 anum
1536 3423 1753 3495 reperias-<-¹

377 3524 430 3595 qui
451 3506 575 3594 feticius
595 3522 677 3579 dicat
697 3537 737 3579 eu·
758 3527 903 3595 tempore,
933 3520 1009 3578 adeo
1034 3519 1123 3591 felici
1148 3523 1266 3593 inperio
1283 3520 1367 3600 felix
1386 3524 1491 3594 &ripun
1510 3523 1751 3590 subservit‘

377 3624 528 3696 inperium
549 3639 685 3695 presens
706 3605 735 3680 el
756 3622 862 3695 ubique
878 3624 1048 3694 provolans
1073 3624 1216 3680 memoria
1235 3628 1365 3695 parata,
1393 3639 1461 3696 queo
1481 3605 1551 3681 mem
1572 3626 1749 3683 omnin:5

376 3723 485 3782 babeat
505 3726 583 3782 aeleri
603 3725 632 3780 iu
651 3731 823 3793 rtutuerato,
850 3729 985 3796 prompte
1002 3728 1030 3780 el
1049 3724 1256 3781 irtcunctauter
1275 3725 1410 3796 supperit
1429 3725 1574 3797 qtticquici
1592 3732 1667 3784 tem·
1755 3730 1775 3769 ³⁰

373 3840 432 3899 pus
453 3832 507 3883 aut
526 3842 575 3882 res
593 3826 742 3899 postulat,·
772 3826 802 3881 in
825 3824 1071 3897 disputationibus
1092 3823 1170 3881 nibil
1183 3825 1261 3897 finpi
1276 3827 1521 3904 potestatuum,
1544 3827 1622 3885 adeo
1641 3818 1750 3885 ut*

375 3928 495 3986 summis
511 3929 598 3984 etiam
620 3927 758 3998 tbeoiopis
773 3942 853 3999 sante
877 3927 1031 3997 sepulum
1050 3924 1187 3995 facessat
1207 3928 1238 3982 in
1261 3927 1391 4000 t'psorum
1412 3941 1510 3984 arena
1531 3939 1751 3990 versans.······‘

374 4027 648 4098 renueremus,
669 4029 715 4084 uir
732 4029 814 4084 acris
835 4029 993 4099 exactique
1012 4026 1130 4097 iudicii,
1150 4028 1180 4084 iu
1199 4026 1405 4098 familiaribus
1424 4030 1579 4101 colloquiis
1596 4030 1668 4088 sub-

374 4131 445 4189 inde
466 4131 567 4188 dicere
588 4131 660 4188 solet
677 4127 847 4186 britannice
868 4144 925 4186 uon
949 4129 1008 4185 nisi
1026 4128 1147 4185 tunicum
1167 4143 1230 4186 esse
1252 4130 1417 4201 inperium,
1438 4145 1507 4188 cum
1530 4130 1597 4189 bac
1618 4134 1666 4188 in-

308 4235 443 4299 §.issula
465 4238 504 4291 tot
524 4233 652 4304 eprrpiis
672 4232 798 4302 inperiis
814 4232 930 4301 floreat.
983 4229 1068 4286 b'eroe
1083 4229 1205 4301 pietatis
1226 4245 1286 4287 aon
1311 4231 1472 4306 indilipeus
1498 4212 1597 4290 erutor
1617 4240 1666 4298 est.
1757 4231 1776 4271 ³⁵

374 4336 492 4392 etiamsi
508 4333 547 4391 ab
568 4335 648 4391 omni
670 4333 876 4405 superstitione
898 4331 1112 4388 alienissimis:
1144 4329 1233 4388 babet
1256 4347 1333 4394 setus·
1351 4330 1457 4407 boras,
1487 4333 1593 4405 quilius
1614 4335 1668 4392 deo
1756 4366 1759 4370 .

373 4435 436 4492 litet
453 4435 607 4508 precibus,
631 4419 688 4493 uon
710 4450 750 4492 ex
771 4447 852 4490 more
873 4431 927 4488 sed
944 4448 960 4489 e
975 4436 1095 4504 pectora
1116 4430 1306 4504 depromptis.
1343 4447 1410 4490 cum
1427 4434 1532 4491 anticis
1550 4437 1594 4493 sic
1609 4434 1667 4506 fa-

373 4541 575 4552 —n————

441 4583 520 4633 οΙιίε
544 4589 632 4634 aaut.
701 4582 846 4631 ⁷demisit
864 4583 888 4629 7.
964 4577 984 4611 ¹¹
1009 4579 1057 4628 fel.
1077 4577 1156 4645 com.]
1176 4581 1306 4631 Menand.
1324 4576 1369 4646 up.
1388 4580 1465 4634 Stob.
1484 4582 1566 4632 florii.
1585 4583 1663 4641 (13.2).

370 4655 572 4732 ’Ῥπερὴφανόν
589 4684 645 4718 που
663 4655 781 4732 γίγνεθ’
797 4656 815 4731 ἡ
833 4663 900 4715 λίαν
919 4655 1022 4729 τρυφή.
1041 4664 1099 4713 κτλ.
1171 4662 1191 4696 ¹⁹
1211 4663 1299 4731 adom]
1319 4666 1438 4716 intumas
1455 4668 1592 4718 materias
1609 4671 1665 4718 sive

375 4751 435 4812 quis
453 4750 545 4799 elicere
565 4752 669 4801 insumit
687 4751 882 4815 inopinabiles.
903 4746 1125 4797 cf.Gell.XV1L
1141 4748 1180 4796 12.
1201 4748 1317 4812 („sieuti
1336 4765 1397 4799 eum
1413 4751 1553 4810 Thersitae
1571 4753 1665 4803 laertius

374 4834 502 4896 quoesivit
520 4840 548 4882 et
567 4852 626 4884 eum
645 4836 745 4885 febrim
762 4834 867 4898 quartis
891 4820 988 4880 diebus
1012 4839 1199 4881 recurrentem
1217 4832 1356 4895 laudavit,
1380 4834 1475 4900 lepide
1494 4851 1563 4887 sane
1581 4839 1664 4888 multu

374 4921 403 4965 et
425 4931 478 4966 non
502 4917 599 4968 facilia
617 4920 731 4969 inventu
749 4919 777 4967 in
795 4923 938 4981 utramque
952 4929 1065 4965 causam
1077 4916 1184 4979 dixitt’)
1237 4916 1260 4948 ³⁰
1277 4918 1454 4968 incontentor
1466 4922 1491 4969 1.
1507 4931 1515 4944 ·
