3917 5950
427 629 438 698 1
451 627 498 698 58
533 641 618 692 LXX.
632 654 1016 692 uvrr.incsorr.x.ruarr.1u
1029 655 1216 694 reverante
1226 658 1261 693 ns
1271 657 1373 694 nonus.
1386 650 1715 696 consuentnsedttr.

424 814 497 873 Leo!
520 799 610 881 Quod
626 811 717 871 armis
738 810 975 888 persequendum
996 819 1072 880 erat,
1094 812 1124 871 id
1146 811 1345 874 beneficentia
1359 823 1515 893 acceptum
1528 822 1589 876 tuas
1602 816 1716 877 relerre

423 916 498 976 licet
543 918 724 993 quapropter
745 911 880 971 desinant
901 912 1020 989 quidam
1042 921 1190 981 metuere.
1226 933 1264 975 ne
1286 923 1316 975 tu
1338 934 1417 994 aegre
1439 918 1534 984 tems,
1565 916 1717 977 siedatur

424 1017 473 1076 bio
495 1017 592 1076 denuo
614 1013 705 1082 liber,
729 1012 807 1090 quod
830 1012 870 1072 illi
892 1022 958 1098 arrte
980 1018 1153 1092 praeposteri
1174 1017 1345 1094 pontifices,
1366 1036 1405 1079 ne
1428 1019 1590 1079 haberetur
1611 1020 1641 1078 in
1656 1037 1716 1078 ma·

355 1117 525 1186 cunibus,
548 1122 719 1176 vetuerunt:
748 1114 819 1174 nibil
842 1115 959 1175 esttibi
982 1118 1060 1176 enim
1088 1135 1243 1178 commune
1271 1137 1338 1180 eum
1366 1119 1436 1187 illis,
1465 1122 1535 1198 quia
1562 1118 1637 1180 nibil
1664 1121 1717 1180 luit

422 1221 494 1297 ipsis
515 1236 583 1278 cum
605 1216 736 1278 Christo:
770 1234 838 1277 nam
860 1215 900 1275 illi
922 1217 977 1277 sub
991 1218 1111 1278 'iraudis
1133 1220 1200 1279 luco
1222 1219 1364 1280 secularia
1385 1222 1423 1281 ad
1444 1240 1476 1281 se
1504 1223 1630 1299 imperia
1657 1230 1739 1291 tra-⁵

422 1330 545 1389 xerunt,
574 1321 656 1380 tuin
679 1318 953 1398 synceroreritatis
981 1317 1139 1396 splendore
1167 1320 1316 1381 celestem
1342 1321 1587 1391 dominationem,
1621 1323 1651 1383 id
1674 1332 1718 1383 est

422 1425 503 1502 pacis
524 1439 663 1500 regnum,
688 1421 836 1498 aperuisti.
880 1419 937 1479 Per
952 1427 981 1479 te
996 1419 1044 1480 illa
1060 1423 1147 1499 igitur
1159 1421 1325 1482 Christiana
1339 1424 1483 1483 reviviscit
1503 1426 1628 1494 veritas,
1651 1443 1718 1503 quae

423 1544 491 1586 cum
513 1542 654 1602 oppressa
682 1523 732 1583 diu
761 1523 865 1592 luerit,
898 1541 978 1583 nime
1006 1540 1037 1583 se
1066 1522 1176 1600 colligit
1203 1531 1233 1583 et
1260 1525 1370 1601 captiva
1398 1525 1572 1602 iampridem
1601 1525 1640 1585 ab
1667 1525 1717 1585 illo

354 1639 412 1688 §.tt
424 1628 544 1688 reducta
567 1625 758 1685 obscuritatis.
775 1643 894 1685 carcere
923 1622 1020 1684 lucem
1046 1626 1179 1685 revidere
1206 1629 1347 1686 m'eretur.
1397 1625 1461 1696 Qua
1488 1626 1595 1688 liducia
1623 1626 1718 1688 elatus

421 1729 510 1789 audet
531 1727 569 1787 ab
591 1727 692 1786 inieris
713 1744 860 1804 exurgens
882 1725 961 1786 Valla
984 1726 1012 1785 in
1036 1727 1188 1787 bominum
1217 1746 1304 1788 aures
1334 1734 1422 1806 atoue
1450 1727 1553 1789 oculos
1579 1731 1716 1807 recipere
1729 1743 1752 1784 n

421 1850 500 1898 sese,
524 1829 562 1889 ob
584 1829 613 1888 id
635 1829 728 1906 magis
750 1829 852 1897 etiam,
882 1828 961 1907 quod
985 1829 1039 1888 luit
1060 1829 1117 1888 tuis
1139 1829 1208 1890 olim
1230 1829 1390 1889 maioribus
1411 1830 1534 1897 charus,
1568 1850 1585 1891 a
1608 1830 1718 1909 quibus

421 1941 455 1993 ut
475 1933 552 1992 banc
567 1930 653 1991 relnti
667 1930 881 1990 haereditariam
897 1931 1034 2007 accepisti
1050 1931 1200 2000 virtutem,
1224 1932 1307 2009 itain
1322 1930 1385 1991 aliis
1400 1932 1520 1992 numme
1535 1932 1716 2010 degeneras:

421 2052 488 2093 nam
511 2033 595 2093 sicuti
618 2032 781 2092 eruditione
803 2032 884 2092 illum
907 2033 1078 2109 magistrum
1100 2039 1184 2092 tunm
1199 2031 1373 2113 Politienpm
1395 2034 1503 2103 relers,
1526 2035 1565 2094 ita
1580 2035 1718 2096 moribus

421 2137 457 2197 ab
480 2145 562 2196 atavo
585 2134 691 2194 Cosmo
713 2133 825 2193 alienus
847 2134 966 2194 minime
988 2135 1109 2202 videris;
1138 2136 1222 2195 cuius
1248 2134 1496 2213 quemadmodum
1523 2136 1622 2213 prima
1650 2135 1717 2196 laus

421 2240 500 2308 luit,'
513 2238 591 2317 quod
614 2239 644 2296 in
666 2254 719 2295 sua
741 2237 854 2296 civitate
876 2253 953 2295 rmus
974 2237 1071 2296 onmia
1095 2237 1205 2314 potuit,
1232 2255 1292 2296 non
1314 2238 1412 2297 omnia
1432 2235 1537 2305 voluit,
1566 2238 1606 2297 ita
1629 2245 1715 2297 tuum
1725 2249 1750 2291 u

421 2358 539 2419 qnoque
561 2338 715 2399 encomion
738 2342 816 2406 esto,
839 2337 918 2414 quod
941 2356 1009 2397 eum
1031 2355 1156 2416 regnare
1178 2345 1210 2396 ut
1232 2338 1392 2416 imperator
1418 2356 1536 2415 posses,
1565 2339 1717 2402 custodire

289 2428 292 2441 ¹
352 2448 454 2503 §.mut
475 2448 575 2519 pastor
596 2440 696 2499 mavis.
740 2438 844 2497 sedin
866 2438 972 2497 Cosmo
995 2439 1049 2499 luit
1069 2439 1126 2499 boe
1148 2439 1291 2517 imprimis
1311 2439 1537 2507 admirandum,
1567 2441 1648 2518 qnod
1670 2442 1716 2500 in·

420 2542 553 2602 eruditus
574 2543 637 2618 ipse
659 2539 749 2600 coluit
770 2540 914 2606 eruditos,
937 2541 1067 2619 undique
1086 2541 1124 2600 ad
1139 2559 1204 2601 sese
1219 2559 1373 2602 accersens
1388 2549 1417 2601 et
1431 2558 1488 2619 ope
1502 2548 1592 2620 atque
1608 2541 1717 2619 opibus

419 2645 535 2712 iurans;
564 2643 738 2702 laurentius
767 2660 836 2701 vero
864 2650 947 2719 pater
975 2650 1005 2702 et
1033 2641 1122 2703 coluit
1143 2642 1247 2702 doctos
1268 2649 1298 2703 et
1319 2644 1373 2703 luit
1393 2643 1457 2720 ipse
1478 2642 1613 2704 doctrina
1636 2644 1715 2703 inter

418 2747 532 2824 primos
558 2762 618 2804 suae
644 2744 736 2802 aetatis
766 2744 1050 2804 commemorandus
1095 2743 1222 2805 Felicem
1250 2745 1326 2805 banc
1352 2746 1441 2822 igitur
1472 2744 1611 2814 domum,
1647 2760 1751 2823 quaero

419 2847 551 2907 iurandis
571 2847 701 2906 instituta
724 2852 767 2905 est
789 2845 891 2905 literis!
924 2844 977 2905 Cui
1000 2844 1083 2905 alteri
1110 2847 1188 2906 enim
1216 2846 1361 2907 debentur
1382 2846 1473 2907 seculi
1494 2847 1583 2908 buius
1611 2847 1714 2907 dotes?

419 2951 502 3011 cuius
524 2948 644 3009 alterius
665 2948 809 3009 beneficio
832 2954 974 3008 revocatae
995 2946 1032 3007 ab
1055 2947 1174 3009 interitu
1195 2948 1306 3010 Graecas
1327 2950 1438 3027 pariter
1460 2966 1496 3010 ae
1509 2949 1621 3010 Latinae
1644 2957 1714 3009 sunt

418 3051 526 3112 literae‘?
548 3058 581 3111 ut
602 3049 657 3110 soli
678 3053 736 3110 sint
758 3051 786 3110 in
802 3049 883 3110 ltalia
894 3049 920 3108 'F
922 3048 1073 3117 lorentini.
1097 3068 1172 3128 qrros
1193 3058 1275 3111 tanto
1297 3059 1417 3129 accepto
1439 3051 1597 3112 commodo
1612 3058 1712 3131 tyran-

349 3169 526 3218 §.ranorum
547 3154 688 3231 poenitere
711 3170 770 3212 non
792 3151 905 3212 debeat.
951 3150 1067 3213 Scilicet
1088 3152 1196 3213 cbarus
1210 3153 1264 3213 luit
1278 3151 1441 3213 maioribus
1451 3153 1510 3214 tuis
1525 3151 1619 3221 Valla,
1643 3170 1711 3213 cum

415 3256 537 3325 riveret;
567 3254 618 3313 tibi
646 3253 683 3314 ob
712 3253 829 3313 illorum
856 3255 1051 3314 reverentiam
1071 3273 1109 3314 ne
1132 3261 1266 3314 mortuus
1287 3254 1405 3332 quidem
1432 3253 1628 3332 negligendus
1654 3262 1745 3314 estu

415 3357 471 3417 libi
494 3364 561 3417 sunt
584 3355 623 3415 illi
644 3357 742 3435 itaque
765 3355 955 3416 metuendum
986 3358 1036 3434 qui
1063 3355 1218 3434 putabant,
1252 3362 1284 3415 ut
1312 3357 1406 3417 terres
1433 3362 1464 3416 tu
1494 3357 1594 3433 operis
1622 3355 1710 3416 buius

415 3457 660 3535 divulgationem?
689 3458 771 3535 quasi
793 3476 863 3518 vero
889 3476 1018 3536 unquam
1041 3456 1078 3517 ab
1100 3459 1197 3517 animo
1218 3465 1270 3518 tuo
1291 3465 1409 3535 recepta
1431 3459 1468 3517 sit
1491 3459 1572 3517 fraus
1593 3476 1709 3524 eornm,

416 3560 465 3636 qui
488 3558 630 3618 scelerato
651 3561 763 3619 mentiti
786 3561 843 3619 sint
864 3560 902 3620 do
924 3559 1131 3629 Constantino,
1164 3566 1215 3619 aut
1236 3577 1296 3619 non
1317 3561 1342 3619 is
1363 3562 1401 3619 sit
1421 3558 1541 3619 libellus
1567 3559 1630 3627 nic,
1659 3559 1710 3637 qni

416 3659 473 3738 legi
495 3660 532 3719 ab
554 3649 691 3720 omnibus
712 3679 772 3719 non
794 3663 886 3738 possit
905 3669 1035 3730 tantum,
1058 3661 1109 3721 sed
1125 3663 1290 3721 necessario
1304 3660 1408 3721 debeat
1425 3662 1526 3728 etiam,
1550 3679 1620 3721 cum
1642 3678 1709 3737 per·

346 3772 405 3822 §.tt
416 3780 540 3840 magnus
561 3762 597 3821 sit
613 3781 649 3822 ex
664 3781 700 3822 eo
715 3763 843 3829 tructus.
867 3763 939 3824 dum
952 3764 1059 3823 veritas
1073 3764 1266 3840 pernoscitur.
1291 3764 1338 3823 ‘dt
1350 3762 1510 3823 maledicus
1525 3762 1594 3831 est';
1618 3763 1742 3822 immeo

343 3940 350 3948 ι
413 3883 483 3924 vero
498 3865 608 3924 idcireo
623 3864 732 3936 bonus,
756 3865 823 3942 quia
845 3866 875 3925 iu
896 3865 990 3925 malos
1011 3864 1137 3925 acerbus
1158 3873 1220 3925 est:
1244 3874 1282 3925 ‘at
1301 3867 1332 3925 in
1347 3865 1500 3942 pontifices
1515 3865 1625 3942 impius
1639 3864 1707 3932 cst';

413 3968 473 4027 imo
494 3968 524 4026 in
545 3973 685 4045 tyrannos
707 3966 778 4026 eius.
811 3984 879 4026 nam
902 3968 926 4026 si
941 3968 1061 4045 praemia
1077 3967 1222 4027 debentur
1236 3967 1313 4046 apud
1329 3967 1449 4027 Graeciae
1464 3967 1594 4026 civitates
1609 3973 1708 4046 tyran-

412 4069 531 4137 nicidis,
560 4068 629 4146 quid
656 4069 692 4127 iis
718 4067 866 4135 dabimus.
900 4070 950 4146 qrri
972 4069 1156 4147 tyrannidem
1179 4087 1296 4147 quoqrm
1317 4070 1411 4147 ipsam
1432 4068 1626 4146 impugnanti
1659 4076 1708 4127 aut

412 4172 437 4231 si
458 4173 551 4249 pietas
573 4177 618 4230 est
639 4189 738 4231 amare
759 4172 901 4250 patriam,
930 4170 1079 4248 quomodo
1108 4172 1196 4248 impie
1224 4172 1283 4249 agit
1310 4171 1361 4249 qui
1387 4170 1503 4230 bostem
1524 4167 1604 4229 illius
1626 4170 1707 4229 odit?

344 4273 455 4333 §.istu
477 4291 538 4332 nou
560 4273 681 4334 luerunt
695 4272 927 4334 Cluistianomm
949 4272 1049 4332 hostes
1070 4272 1111 4332 illi
1132 4273 1298 4350 pontifices,
1320 4273 1370 4351 qui
1384 4273 1517 4332 omnium
1531 4271 1570 4331 ad
1585 4290 1619 4331 se
1635 4287 1738 4350 opero

413 4381 580 4440 traxerunt.
603 4375 740 4436 omnibus
763 4375 862 4436 liberis
884 4375 1052 4436 servitutem
1075 4373 1167 4435 moliti
1189 4374 1277 4451 sunti
1303 4375 1354 4453 qui
1375 4374 1498 4451 imperio
1521 4390 1626 4452 reges,
1657 4392 1705 4451 pe·

412 4478 497 4535 cunia
520 4479 596 4537 eires
619 4477 832 4556 dispoliabant?
862 4478 911 4557 qui
934 4475 1067 4555 palliatos
1088 4476 1174 4537 nobis
1195 4476 1232 4537 ab
1254 4475 1329 4538 urbe
1351 4481 1431 4535 tanto
1458 4475 1705 4552 patrimoniorum

411 4585 580 4638 nostrorum
604 4578 756 4657 dispendio
779 4581 933 4658 episcopos
955 4577 1127 4639 mittebant?
1159 4578 1217 4638 dut
1245 4578 1342 4639 vicarii
1370 4577 1490 4638 fuerumt
1518 4576 1629 4638 Christi
1657 4578 1706 4657 qui

410 4674 487 4736 illius
509 4679 602 4739 vicem
623 4698 684 4741 nou
705 4689 874 4760 gesseruut,
903 4700 962 4760 quo
985 4681 1187 4758 descriptum
1210 4688 1253 4741 est
1282 4680 1325 4741 ‘ln
1346 4697 1420 4758 paee
1439 4679 1535 4740 lactus
1557 4688 1602 4755 est
1625 4679 1706 4741 locus

477 4879 729 4947 ¹prosequendum
748 4889 796 4933 18.
811 4892 838 4931 A.
892 4883 912 4916 ¹¹
930 4884 996 4934 olim
1014 4886 1070 4935 tuis
1083 4889 1109 4935 6.
1163 4883 1184 4917 ¹⁸
1206 4885 1298 4951 possis
1316 4887 1343 4935 6.
1395 4882 1417 4916 ¹⁵
1435 4900 1480 4952 oq,
1495 4887 1520 4935 1.
1571 4882 1596 4916 '⁵
1612 4900 1665 4935 uec
1678 4887 1703 4934 d.

411 4969 454 5015 est
470 4968 540 5016 oua‘s.
553 4970 603 5014 1&
618 4974 646 5014 A.
704 4966 727 5000 ⁸
744 4970 878 5035 scriptum
896 4966 949 5034 est]
967 4969 1221 5020 enodemus
1328 4995 1351 5020 t
