3917 5950
309 632 380 703 118
415 648 538 698 XXXVI.
551 657 573 699 t.
593 661 652 696 son.
668 661 747 695 aestu
763 659 915 694 assoossio
929 658 1058 692 annun..
1073 658 1109 692 so
1123 658 1243 692 nussam
1258 658 1346 691 amsa.
1362 655 1473 689 masia.

458 821 549 891 (litam
572 823 627 878 cito
645 820 682 876 elle
704 817 811 875 Siculis
828 817 969 890 pepulisti
984 815 1094 888 finibus
1115 815 1221 887 Afros,

389 943 425 984 1a
524 922 694 980 Dissimules
711 921 817 977 uictam
835 921 945 993 saepius
960 935 1022 976 csse
1043 914 1130 977 licet?

456 1025 548 1082 Arma
569 1023 613 1081 liis
633 1028 748 1081 octonos
771 1021 854 1078 Pani
871 1024 1011 1080 tolerasse
1029 1038 1086 1095 per
1111 1038 1204 1080 otinas

526 1125 618 1183 Clade
637 1131 688 1182 tua
710 1126 788 1182 testis
805 1126 949 1198 proxima
969 1140 1001 1181 es
1022 1126 1088 1197 ipsa
1112 1124 1179 1191 tibi,-

458 1227 550 1298 Ouam
568 1226 691 1299 sieuestn
711 1226 762 1284 tibi
780 1225 897 1297 suerint
923 1223 1126 1285 Tirosimenio
1152 1227 1257 1300 Tempe

389 1347 425 1387 ms
523 1328 585 1388 Scit
609 1327 714 1387 Trebia
734 1335 762 1386 et
787 1326 887 1388 Ticino
904 1329 1047 1402 proxima
1067 1345 1142 1387 rura
1165 1335 1230 1396 tuo,·

457 1431 535 1502 (litia
553 1429 795 1504 laclirpmalilias
818 1430 990 1489 Crtanarum
1006 1433 1122 1489 nomine
1144 1430 1245 1492 Roma

496 1532 563 1592 lot
584 1533 672 1591 simul
689 1533 804 1590 amissis
825 1532 940 1591 milibus
958 1549 1021 1591 esse
1033 1530 1151 1606 potest?

456 1637 540 1695 Anne
555 1635 745 1709 pharetratos
765 1634 891 1693 Partlnos
908 1636 1028 1709 impune
1048 1632 1190 1695 lacessis?

391 1758 427 1797 isi
526 1738 663 1796 Aruerat
683 1735 840 1807 Eufraten
861 1739 1016 1810 snnpainis
1034 1738 1117 1795 reuda
1140 1739 1197 1805 tui,·

456 1841 588 1915 Europa
611 1841 749 1898 domitum
770 1841 862 1911 sipnis
885 1839 1050 1897 uictricibus
1071 1839 1168 1898 orbem

529 1942 668 2000 Asserere
690 1943 845 1998 inrtumera
868 1958 924 1999 non
945 1943 1010 1999 sinc
1031 1942 1119 2001 clade
1137 1949 1238 2016 potes;

461 2043 497 2104 Ut
511 2052 624 2103 taceant
646 2044 757 2113 Gallos,
779 2045 917 2116 paeoniam
937 2043 1047 2117 prestet·
1068 2047 1169 2119 aspice
1189 2047 1294 2117 atinati

391 2167 426 2208 sss
532 2146 656 2203 Vincere
671 2161 839 2218 pupnacem
861 2148 987 2203 constitit
1008 2144 1160 2220 Illyrium,-

461 2247 498 2306 Ut
517 2254 630 2305 taceam
653 2263 840 2320 quoscunque
862 2247 935 2304 mini
952 2254 997 2305 est
1015 2264 1175 2307 nitmerare
1191 2252 1354 2320 molestum,

532 2348 570 2407 Te
589 2348 694 2422 artibus
715 2350 780 2422 ipsa
802 2349 888 2406 doces
906 2351 1078 2423 imposuisse
1100 2352 1210 2423 inanem.

459 2450 564 2508 Nostra
584 2458 632 2509 tao
654 2452 763 2522 quoties
786 2452 946 2507 Germania
967 2453 1058 2509 milite
1079 2459 1157 2510 tacta
1177 2460 1232 2523 est,

393 2572 428 2612 iso
526 2551 643 2626 incepti
657 2558 777 2626 poterat
794 2554 964 2625 paenituisse
986 2555 1030 2610 tui
1035 2599 1041 2624 ,

458 2652 519 2712 Nec
537 2661 647 2712 tentata
669 2654 721 2712 tibi
734 2670 808 2726 pens
826 2652 987 2726 insalicius
1007 2657 1068 2713 ulta
1090 2661 1146 2719 est,

532 2756 602 2813 Crem
627 2772 742 2814 seruam
760 2758 847 2814 uelles
865 2772 933 2828 qua’
955 2757 1007 2815 tibi
1027 2773 1105 2815 nunc
1128 2758 1247 2816 domina
1269 2766 1326 2826 est‚·

459 2858 519 2916 Nec
540 2857 672 2916 Fortuna
692 2858 774 2917 dedit
792 2875 912 2917 citrsum
934 2858 987 2917 tior·
1003 2874 1119 2933 semper
1140 2860 1276 2931 euridem,

395 2980 429 3018 aa
530 2960 591 3020 Nec
609 2962 711 3020 similis
729 2963 792 3020 aisa
811 2978 843 3019 es
857 2968 1002 3035 perpetuo
1021 2963 1086 3036 ipsa
1109 2963 1165 3033 tui,

460 3064 546 3122 Nunc
567 3079 710 3138 oppresso
731 3066 832 3134 malis,
853 3065 939 3122 relias
961 3081 1042 3123 nuria
1063 3072 1151 3124 aucta
1168 3066 1320 3128 secandis„

532 3166 618 3224 Nurtc
640 3183 691 3224 uer
713 3168 829 3237 arrisit,
851 3182 930 3225 nunc
951 3166 1004 3224 tibi
1023 3169 1107 3227 sarit
1125 3167 1243 3241 hyems:

460 3267 566 3343 Spirat
580 3270 723 3342 inaequali
741 3285 856 3343 semper
877 3268 934 3326 elea
956 3268 1072 3327 leubrico
1090 3272 1180 3342 slata,

364 3380 366 3384 '
394 3388 431 3429 sos
532 3372 681 3444 aequatas
700 3387 801 3430 rerum
823 3388 879 3428 rum
902 3379 983 3428 araret
1003 3372 1056 3428 illa
1078 3373 1170 3429 uices:

463 3472 552 3531 Cuius
573 3481 605 3531 ut
623 3476 789 3548 exemplum
810 3473 924 3543 uideas,
947 3479 975 3531 te
996 3475 1122 3548 respice,
1144 3475 1224 3533 elices

533 3574 650 3633 laedere
668 3576 830 3634 Fortunam
848 3591 905 3633 aon
925 3578 1054 3649 potuisse
1073 3579 1179 3648 mapis.

462 3676 521 3735 Nos
540 3691 654 3750 quoque
669 3694 728 3752 per
749 3680 847 3736 uarios
864 3678 967 3737 eadem
987 3677 1057 3736 Sors
1079 3680 1145 3753 ipsa
1166 3679 1281 3737 labores

396 3798 433 3838 aa
533 3778 695 3853 Multiplici
714 3796 814 3838 rerrem
832 3780 998 3839 litbricitule
1017 3782 1096 3839 tulit:

464 3880 617 3940 Nobiscum
637 3888 708 3939 nota
730 3888 773 3939 est
792 3887 821 3939 et
841 3884 871 3940 in
893 3883 957 3957 ipso
971 3885 1049 3956 flore
1072 3884 1196 3941 irritantes

540 3981 614 4042 Tota
630 3982 700 4056 sere
720 4000 871 4042 armorum
890 3986 989 4057 alarin
1010 3993 1111 4043 nostra
1129 3984 1208 4056 luit,-

472 4086 552 4144 Vtait
571 4093 600 4144 et
621 4086 812 4159 inciditque
832 4089 957 4161 corripit
978 4090 1076 4144 omnia
1098 4104 1210 4158 sociem,

399 4206 434 4245 aa
535 4187 574 4246 Et
594 4190 709 4260 sianum
732 4190 761 4246 in
783 4188 913 4247 nouisse
936 4189 1019 4247 aean
1037 4206 1099 4247 esse
1122 4190 1226 4257 denua·

467 4289 606 4364 Onodqae
623 4289 788 4363 fuitmulta
806 4290 887 4349 nonis
905 4292 1021 4349 ratione
1041 4291 1213 4362 timendum,

471 4445 475 4458 ,
535 4391 716 4468 inproprie
737 4410 845 4453 carcer
863 4400 950 4468 pente
966 4400 1094 4467 paratas
1115 4400 1196 4460 erat;

383 4711 414 4743 ¹⁴³
432 4713 538 4777 Aphros
557 4718 581 4763 2.
646 4714 678 4747 ¹⁴⁴
696 4713 773 4780 vicu]
793 4716 885 4765 fictam
904 4722 928 4765 5.
994 4714 1026 4748 ¹⁸⁵
1044 4720 1155 4766 octonos
1174 4719 1199 4766 2.
1271 4714 1303 4748 ¹⁴¹
1322 4721 1412 4781 tempo
1430 4734 1522 4767 omnes.
1561 4720 1602 4782 Cf.

315 4798 579 4866 asa.xx11.4.sqq.
634 4797 791 4850 ιωΙειοτίιη.
812 4805 836 4849 5.
886 4801 918 4834 ¹⁵⁰
936 4801 1057 4851 millibus
1076 4805 1101 4849 5.
1150 4800 1181 4833 ’θ’
1199 4801 1367 4867 Euphratem
1383 4804 1455 4850 3...s.
1504 4802 1602 4853 ίθῃΙη-

315 4884 398 4949 coepti
417 4884 476 4931 23.
546 4889 658 4949 poteras
677 4888 701 4933 2.
767 4885 795 4917 ¹⁶¹
815 4887 873 4936 Noe
893 4887 944 4936 tibi
963 4892 1098 4935 tentatum
1118 4903 1204 4953 genus
1222 4887 1374 4936 infoelicias
1394 4885 1544 4951 [infelicius
1564 4888 1601 4956 5.]

316 4970 399 5019 ullum
420 4972 493 5019 3...5.
548 4968 579 5001 ¹⁸⁴
596 4974 822 5035 perpet-ua3...5.
893 4969 1108 5021 ¹⁰⁰hie1ns3.5.
1161 4970 1393 5035 ¹⁷⁸Cfioriaffl.
