3917 5950
299 649 373 723 318
454 661 603 715 chvru.
623 675 829 713 ιιιιοιιιιιιιιιιιι
842 674 880 713 ιι
892 673 1009 713 naason.
1022 673 1155 712 suessan
1167 674 1212 712 aa.
1225 676 1254 713 n.
1266 676 1295 715 Α.
1309 669 1374 713 tata.
1387 677 1413 713 ι.
1426 670 1486 713 tm.

298 849 327 897 et
348 839 478 912 inclytum
498 836 624 893 comitem
645 835 678 891 de
699 834 837 897 lleuonar,
865 833 987 891 nobilem
1008 851 1039 891 ac
1059 833 1249 892 doctissimum
1270 835 1444 897 lluttenum.
1468 854 1508 893 me
1527 855 1584 911 quo

299 943 351 999 qne
374 942 404 979 ac
426 939 519 978 cirinus
541 921 658 993 deniquo
680 920 768 977 bonos
786 928 815 975 ot
837 919 961 975 eruditos
982 919 1168 993 spurcissimis
1190 920 1351 978 delracclrati
1375 932 1444 978 sunt
1465 924 1584 981 consitiis

299 1009 400 1081 absque
422 1006 553 1079 singulari
574 1005 680 1060 dicendi
703 1005 809 1060 ratione
826 1005 894 1060 adeo
915 1004 1061 1071 delirasse.
1085 1005 1214 1078 qnoniam
1236 1024 1347 1063 sacrum
1371 1006 1441 1062 illud
1456 1006 1584 1080 Capnionis

299 1101 328 1148 et
352 1107 489 1163 nunqnam
515 1090 582 1145 satis
610 1089 746 1145 laudatum
773 1097 855 1163 caput
884 1089 988 1144 nostris
1013 1087 1191 1146 extulerimus
1211 1092 1376 1164 praeconiis:
1407 1092 1586 1165 gmissarunt

299 1177 370 1232 enim
388 1174 512 1230 homines
532 1191 640 1236 suaves,
670 1182 767 1247 utpote
794 1174 840 1246 qui
866 1173 973 1229 assidue
1001 1182 1216 1247 pergraecantnr.
1260 1174 1401 1232 Caeternm
1430 1176 1457 1232 id
1485 1176 1597 1231 lordum

299 1262 396 1317 mirnm
418 1259 501 1314 virlcri
524 1265 629 1332 potest,
654 1275 708 1331 qno
729 1268 809 1332 pacto
827 1257 860 1313 ad
879 1267 933 1314 tam
948 1258 1093 1331 profundae
1111 1259 1233 1315 scientiae
1247 1261 1444 1333 cognitione·
1457 1260 1584 1335 pervenire

300 1345 449 1418 quiverint,
479 1360 540 1399 cum
568 1359 624 1398 non
652 1342 741 1398 solum
762 1342 916 1399 Graecarum
937 1341 1079 1398 literarum
1100 1343 1156 1400 sint
1177 1353 1319 1418 expertes.
1348 1347 1400 1401 sed
1419 1344 1454 1401 als
1475 1344 1583 1401 omniliu

300 1429 378 1485 bonis
405 1427 556 1501 disciplinis
584 1427 693 1500 penitus
718 1427 813 1482 alieni:
851 1444 962 1483 necesse
988 1426 1093 1500 itaquo,
1123 1437 1153 1484 ut
1175 1437 1279 1485 tantum
1302 1429 1445 1487 liononim
1463 1429 1583 1487 curnulnn

299 1532 314 1568 a
342 1512 470 1586 quopiam
499 1511 652 1569 Graecarum
679 1528 765 1585 gnaro
794 1510 859 1567 olim
890 1511 1044 1585 acceperint
1070 1520 1098 1568 et
1124 1521 1252 1586 tanquam
1279 1523 1357 1571 veste
1389 1515 1482 1589 iguem
1507 1522 1583 1571 muto·

260 1620 267 1631 ·
298 1598 398 1653 dicrint
419 1595 567 1659 illibatnm3
598 1595 700 1668 alioqui
729 1613 867 1669 nunquam
891 1604 946 1651 tam
972 1605 1065 1653 exacte
1087 1596 1242 1653 admiranda
1268 1595 1317 1654 illa
1345 1608 1485 1675 praecepta
1506 1599 1603 1655 consid

299 1682 391 1737 tiando
414 1680 557 1736 observare
579 1680 743 1754 potuissent.
775 1680 813 1736 Ne
835 1680 920 1753 igitur
939 1698 984 1736 ars
1006 1690 1061 1737 tam
1080 1680 1209 1755 praeclara
1226 1683 1333 1739 diutius
1348 1683 1378 1740 in
1394 1683 1496 1741 Graecis
1508 1681 1580 1739 litem

299 1765 405 1840 sepulta
426 1764 537 1825 lateret,
559 1772 607 1819 aut
629 1781 688 1821 cam
711 1764 931 1839 praestantissimi
954 1765 995 1819 illi
1018 1765 1142 1822 homines
1164 1774 1294 1841 tanquam
1317 1767 1398 1825 uida
1417 1768 1522 1826 divitias
1540 1767 1579 1824 soli

299 1850 485 1924 possiderent,
510 1848 583 1904 illam
606 1848 667 1903 inde
686 1866 783 1905 eruere
805 1856 833 1905 et
852 1848 955 1904 Latinis
977 1866 1088 1923 quoque
1110 1850 1221 1907 annilius
1245 1853 1392 1926 impertire
1412 1854 1508 1911 statui:
1537 1869 1578 1907 non

299 1943 330 1990 ut
348 1934 468 2008 optimus
491 1933 606 2006 quisque
628 1932 749 2004 (illorum
771 1932 867 2005 instar)
887 1934 994 1990 dicendi
1015 1950 1138 1991 normam
1159 1935 1222 1992 inde
1241 1946 1383 1999 sumeret,
1407 1939 1455 1995 sed
1469 1955 1521 2011 quo
1538 1944 1578 1993 on

298 2027 451 2079 venustam,
483 2017 599 2091 lepidam
626 2026 654 2073 ct
679 2018 822 2074 incnrrdarn
847 2017 960 2074 Veneris
988 2027 1016 2075 et
1044 2018 1197 2075 Gratiarum
1228 2022 1359 2078 lecturam
1387 2022 1536 2081 discernere
1554 2028 1599 2076 acti

298 2104 477 2160 discernendo
494 2110 567 2159 recto
581 2101 667 2158 vitare
681 2110 785 2176 posset.
820 2089 839 2174 ἡ
858 2091 915 2178 γὰρ
937 2089 1015 2175 αὐτὴ
1037 2091 1164 2177 δύναμις
1185 2101 1246 2160 τῶν
1268 2098 1419 2162 ἐναντίων
1434 2094 1453 2177 ἡ
1469 2100 1576 2161 ἐναντία.

298 2197 326 2245 et
348 2187 393 2243 ille
412 2187 499 2262 prolic
520 2186 591 2242 lrona
610 2185 688 2260 eligit
711 2188 756 2260 qui
779 2187 848 2244 mala
873 2187 926 2244 rite
952 2188 1047 2261 lugere
1066 2188 1157 2253 novit;
1180 2190 1520 2267 quanquam‘sanctissini
1539 2189 1576 2244 viri

299 2290 354 2329 non
376 2272 479 2346 indigni
501 2279 593 2327 essent
616 2272 662 2344 qni
685 2272 753 2327 artis
773 2272 854 2330 liuius
874 2273 1003 2346 prasidio
1032 2272 1096 2329 talia
1122 2274 1249 2331 audirent
1271 2274 1365 2349 qualia
1387 2277 1441 2352 ipsi
1461 2276 1576 2334 eliserunt

299 2357 401 2431 indigni
423 2365 513 2413 umen
535 2364 612 2418 sunt,
640 2366 671 2413 ιιι
692 2374 707 2413 a
729 2356 824 2430 probis
846 2355 915 2412 male
936 2356 1061 2420 audiant,
1089 2358 1258 2432 indigniores
1281 2368 1314 2417 ιιι
1334 2359 1472 2418 bonorum
1490 2359 1576 2433 etiope

299 2443 406 2498 ratione
428 2449 574 2504 ornentur,
608 2441 789 2515 indignissimi
817 2434 862 2516 qui
893 2441 1140 2499 Reuchlinistarum
1167 2443 1350 2502 insectatione
1372 2462 1473 2503 nonren
1491 2444 1530 2500 rel
1546 2443 1598 2498 tea

299 2543 419 2588 mosum,
446 2525 518 2599 quod
539 2542 712 2601 summopere
729 2534 872 2601 exoptant,
896 2525 1114 2600 consequentum
1144 2528 1265 2602 quamvis
1283 2547 1336 2587 nec
1364 2528 1419 2587 hoc
1443 2527 1574 2603 ncffiruin

300 2612 370 2666 insta
389 2627 437 2666 eos
456 2609 642 2683 indignatione
665 2628 861 2684 nonnunquam
882 2611 1041 2668 dementare
1060 2629 1092 2668 ac
1110 2611 1253 2671 beluarum
1272 2613 1363 2671 instar
1380 2614 1528 2690 saepissime
1540 2629 1574 2669 er·

298 2696 467 2751 candescere.
512 2694 571 2751 Non
594 2695 665 2752 enini
687 2713 775 2769 usque
797 2696 864 2751 adeo
887 2695 984 2751 insulsi
1006 2705 1071 2752 sunt
1096 2712 1127 2753 ac
1148 2697 1275 2762 hebetes,
1306 2699 1374 2774 quin
1401 2717 1432 2757 se
1455 2698 1573 2757 barbaros

300 2782 414 2841 inertes,
437 2781 532 2842 rudes,
557 2781 679 2853 ineptos.
706 2781 845 2854 stupidos,
871 2779 1016 2836 illiteratos
1041 2790 1069 2838 ct
1095 2782 1175 2855 plane
1203 2783 1412 2858 disciplinarum
1437 2792 1574 2841 cunctarum

300 2866 400 2921 inscios
427 2882 487 2921 esse
515 2873 698 2938 cognoscant:
735 2866 904 2922 adversarios
928 2882 994 2921 vero
1023 2883 1089 2922 suos
1118 2867 1242 2924 homines
1265 2867 1387 2942 politos.
1415 2867 1596 2943 compositos.²⁵

298 2950 435 3013 excultos.
459 2958 552 3025 aptos,
575 2950 760 3024 perspicaces,
783 2951 907 3008 eruditos
927 2959 956 3006 et
978 2950 1080 3008 nnllins
1102 2960 1184 3009 rectae
1207 2952 1329 3010 scientim
1350 2953 1481 3028 ignaros,
1501 2961 1530 3010 ut
1545 2950 1575 3007 in·

299 3038 378 3093 terim
401 3037 434 3091 do
455 3035 577 3092 moribus
598 3044 626 3091 ot
647 3036 708 3091 vitae
729 3035 872 3093 honestate
895 3035 1036 3098 sileamus,
1065 3045 1094 3093 et
1117 3038 1191 3110 quod
1213 3036 1296 3112 longe
1320 3038 1520 3095 intolerabilius
1536 3044 1574 3096 est

299 3123 397 3178 ieliotas
418 3122 498 3177 etiam
516 3120 640 3194 supinam
661 3137 757 3176 eornm
778 3120 961 3193 ignorantiam
979 3121 1134 3177 diiudicare.
1168 3122 1222 3179 Cur
1244 3123 1330 3196 igitur
1352 3140 1409 3180 non
1431 3123 1536 3179 doleant
1551 3137 1575 3176 ac

298 3208 406 3263 rabioso
429 3206 602 3274 rruledicant,
624 3223 685 3261 curn
707 3203 789 3279 longe
811 3204 917 3262 lacilins
937 3204 974 3261 sit
998 3214 1051 3261 tam
1071 3207 1202 3279 stupenda
1223 3208 1393 3265 conviciandi
1416 3210 1576 3286 nationesne·

298 3293 372 3349 nitos
395 3291 523 3365 quicquid
545 3290 572 3344 in
593 3290 703 3347 buccam
725 3290 829 3345 venerit
850 3288 956 3346 ellutiro
977 3299 1005 3346 et
1028 3307 1122 3347 omnes
1141 3292 1264 3348 homines
1286 3292 1423 3350 virulenta
1445 3293 1531 3366 lingru
1545 3290 1600 3345 dett

299 3377 416 3433 lacerare
439 3393 519 3449 quarn
542 3375 724 3447 ignorantiam
747 3374 878 3437 abiicere.
901 3375 1003 3449 optima
1024 3376 1179 3449 perdiscere
1202 3385 1229 3432 et
1248 3377 1368 3433 animum
1387 3377 1469 3436 honis
1483 3375 1578 3451 quilius·

299 3479 351 3534 qim
375 3460 479 3516 artilrus
501 3477 642 3516 exornare.
676 3459 744 3526 Quin
766 3460 818 3514 hoc
841 3476 950 3532 quoquo
967 3460 1008 3515 vel
1030 3460 1230 3518 modestissimo
1252 3478 1349 3518 eornrn
1365 3461 1449 3519 bilem
1465 3467 1577 3518 moveret

298 3564 359 3601 curn
381 3562 435 3601 non
458 3544 546 3600 solnm
569 3543 748 3618 provectioris
764 3544 852 3599 aetatis
868 3544 954 3606 viros,
978 3545 1025 3600 sed
1041 3544 1226 3601 adulescentes
1242 3546 1317 3620 ipsos
1333 3554 1361 3602 et
1377 3547 1418 3602 vin
1434 3564 1467 3604 en
1481 3543 1577 3620 ephebis

298 3648 425 3702 egressos
448 3637 522 3685 tanta
545 3629 674 3702 pra-ditos
694 3627 818 3684 doctrina
840 3637 978 3691 cerneret,
1009 3636 1040 3685 ut
1062 3630 1095 3685 de
1117 3630 1209 3686 arduis
1232 3647 1342 3705 qnoque
1373 3631 1456 3687 rebus
1483 3628 1578 3703 egregio

298 3716 432 3770 disserere
452 3722 480 3769 ot
501 3715 528 3768 in
549 3714 653 3769 cunctis
675 3713 825 3770 rectissimo
847 3713 949 3769 sentiro
969 3721 1090 3787 possent.
1125 3714 1275 3771 lustissime
1297 3715 1385 3789 igitur
1400 3725 1456 3773 tarn
1471 3716 1602 3771 tannero

300 3799 450 3862 insaniunt,
479 3807 520 3860 et,
545 3806 576 3853 ut
603 3798 710 3853 assidue
738 3798 780 3853 sui
808 3798 864 3853 sint
892 3798 1008 3862 similes,
1038 3800 1110 3872 qnod
1139 3816 1247 3873 semper
1270 3800 1360 3857 lacere
1383 3805 1577 3857 consueverunt.

299 3901 437 3957 nunquam
460 3885 547 3940 lacere
569 3883 710 3937 desinunt:
744 3891 772 3938 ot
793 3891 865 3939 recte
889 3883 1011 3960 quidem:
1039 3900 1095 3938 non
1118 3884 1190 3940 onim
1211 3884 1245 3940 de
1263 3884 1332 3941 asini
1356 3885 1467 3947 umbra,
1491 3883 1534 3940 sed
1550 3881 1577 3936 de

299 3969 366 4025 asini
384 3969 470 4044 ipsius
488 3968 559 4043 pelle
575 3967 674 4040 agitur.
706 3967 847 4024 Pctulcum
868 3968 940 4024 enim
959 3967 1072 4030 animal,
1095 3986 1151 4024 nnn
1170 3968 1260 4026 solum
1277 3970 1310 4026 do
1327 3969 1398 4026 lama
1414 3967 1578 4026 cruentius·

300 4054 383 4111 tionis
405 4055 507 4111 iactura
532 4052 670 4108 solicitum
692 4059 749 4114 est,
781 4053 829 4107 sed
855 4060 883 4108 et
911 4051 979 4109 lucri
1006 4052 1141 4109 delectum
1168 4071 1200 4110 ac
1229 4061 1373 4111 venturum
1400 4053 1578 4111 detrimentum

298 4157 428 4215 perquam
457 4137 588 4194 callenter
614 4137 758 4211 perpendit
787 4137 928 4211 timetque.
960 4155 994 4193 ne
1022 4137 1142 4220 detracta
1168 4137 1277 4194 leonina
1300 4138 1374 4213 pelle
1401 4156 1497 4196 rursus
1519 4134 1601 4192 anti-tt

299 4243 383 4299 quum
411 4224 487 4280 illum
517 4224 624 4279 asinum
653 4222 797 4278 ostendere
822 4230 851 4278 ct
872 4231 973 4297 praeter
994 4222 1052 4279 dira
1072 4221 1184 4280 verbera
1206 4222 1314 4279 labores
1337 4223 1499 4285 immensos,
1524 4222 1577 4277 iam·

298 4310 402 4384 pridem
421 4311 532 4366 desueta
555 4325 651 4370 onera,
675 4307 774 4363 iterum
796 4307 868 4363 ferre
890 4315 1015 4380 cogatur.
1048 4306 1135 4380 igitur
1155 4316 1281 4381 proterva
1296 4316 1325 4364 et
1340 4308 1484 4364 temeraria
1504 4303 1576 4362 licstia

297 4396 481 4451 conditionem
508 4411 583 4450 suam
608 4401 663 4451 tam
689 4392 815 4448 miseram
841 4390 986 4466 deplorare
1008 4409 1039 4449 ac
1062 4392 1180 4449 fortunae
1201 4391 1375 4466 iniquitatem
1395 4391 1515 4449 execrari
1533 4404 1578 4445 non

297 4478 411 4535 desinat.
441 4480 496 4535 lios
518 4496 597 4541 voro,
617 4478 779 4550 llieronyme
801 4475 1042 4550 praestantissime,
1065 4476 1178 4533 salutari
1200 4475 1300 4533 annulo
1321 4476 1420 4533 muniti
1439 4475 1576 4550 sycophan-

300 4568 390 4618 tornm
411 4581 518 4619 morsus
540 4572 568 4619 ct
590 4562 713 4637 improba
735 4561 890 4617 rabularum
913 4561 1033 4617 convicia
1055 4579 1110 4618 non
1132 4560 1221 4618 solum
1242 4561 1360 4635 benigne
1385 4563 1515 4622 ieramus,
1537 4556 1598 4615 sedo

299 4651 327 4698 et
348 4646 568 4709 lloccilaciamns,
599 4656 804 4703 contemnamus
825 4654 852 4702 et
874 4646 1049 4711 irrideamus;
1081 4646 1146 4721 quin
1168 4646 1261 4721 potius
1280 4646 1434 4702 exultemus
1458 4641 1576 4717 nobisque

299 4726 506 4799 applaudamus.
529 4731 601 4803 quod
624 4732 651 4788 in
673 4733 755 4793 hanc,
778 4730 869 4788 saltim
891 4732 943 4787 lion
965 4731 1075 4788 nomine
1099 4730 1214 4788 loelicem
1234 4730 1378 4788 incidimus
1392 4738 1512 4790 aetatem.
1533 4742 1575 4802 qua

300 4838 500 4848 ———...-.

367 4884 396 4917 Μ
415 4888 586 4953 „Cnpnionis
603 4909 711 4946 socrum
730 4900 841 4962 capud’,
860 4900 885 4947 in
902 4914 983 4963 marg.
1038 4862 1099 4964 ι’θὴ
1122 4888 1178 4963 γὰρ
1195 4893 1266 4964 κτλ]
1285 4897 1348 4961 „Ex
1365 4894 1528 4948 Aristotele''
1547 4889 1576 4939 od

299 4985 379 5034 marg.
403 4970 447 5020 Cf.
461 4972 531 5023 (loll.
544 4975 577 5025 N.
590 4976 622 5026 A.
636 4979 707 5030 xvi.
720 4979 781 5043 8,n.
827 4981 850 5014 ³³
869 4983 994 5049 ophoebis
1006 4983 1030 5032 1.
1128 4998 1132 5004 ’
