3917 5950
297 629 370 701 370
406 641 577 693 CLXXXVI.
597 657 767 692 urrunnun
781 656 894 692 sennar.
923 640 1109 693 CLXXXVII.
1124 604 1305 693 unnnrbnru.
1319 657 1357 693 nn
1370 657 1530 694 seuerum„
1542 658 1578 694 rr.

297 822 324 876 in
347 835 491 893 personam
513 815 649 890 pontificis
670 823 827 888 raperetur:
857 816 921 890 quid
943 817 1015 872 enim
1038 824 1065 872 et
1087 816 1192 872 facilius
1214 825 1243 872 et
1265 818 1356 873 verius
1386 817 1507 874 seribere
1527 836 1581 892 pos·

297 907 377 960 suin?
405 903 537 959 Caeterum
559 900 651 955 sedem
674 901 759 973 ipsam
782 909 810 956 et
832 918 865 956 nc
888 903 1008 957 atrocius
1038 909 1151 957 tractem
1181 903 1252 957 inter
1280 902 1474 963 scribendum.
1500 920 1582 958 casen-

209 987 213 995 ’
297 991 360 1046 dum
383 988 436 1043 erit
457 986 547 1042 mihi>
561 993 725 1059 aspergetur
748 993 836 1041 tamen
859 985 914 1049 sale
938 1003 997 1042 sno.
1042 985 1144 1041 llutten
1167 986 1260 1042 literas
1283 987 1316 1042 ad
1337 1005 1383 1042 me
1397 987 1473 1042 dedit
1490 987 1582 1059 ingenti

297 1074 395 1148 spiritu
418 1080 565 1128 aestuantes
588 1070 615 1124 in
638 1070 786 1126 llomnnum
808 1071 976 1144 pontificem,
1008 1071 1130 1127 scribens
1158 1089 1187 1127 se
1216 1071 1269 1128 iarn
1296 1079 1324 1127 et
1346 1071 1438 1127 literis
1462 1080 1489 1127 et
1512 1073 1584 1127 aruis

298 1160 325 1214 iu
347 1157 515 1232 tyrannidem
538 1154 733 1210 sacerdotalem
755 1173 850 1217 ruere,
884 1164 974 1211 motus
1005 1156 1077 1229 quod
1108 1156 1230 1229 pontifex
1257 1157 1326 1212 sicas
1355 1165 1386 1212 et
1415 1173 1546 1212 venenum
1564 1158 1602 1211 eis

298 1242 452 1303 intentarit,
476 1258 507 1296 ae
526 1240 659 1314 episeopo
681 1238 842 1312 lloguntino
865 1241 998 1296 mandarit
1019 1248 1127 1314 captum
1151 1250 1179 1297 et
1200 1241 1319 1297 vinctum
1339 1242 1454 1298 Romam
1477 1241 1584 1297 mittere.

298 1328 465 1400 Odignam,
489 1325 591 1398 inquit.
614 1341 685 1379 caeco
708 1325 837 1397 pontifice
858 1325 1030 1381 dementiam.
1074 1325 1183 1381 Videbis
1205 1326 1358 1399 exemplar,
1388 1327 1434 1382 ubi
1464 1343 1586 1400 recepero

298 1413 332 1468 ab
348 1412 462 1468 Henrieo
478 1410 636 1466 Stronreru:
665 1409 687 1463 is
711 1409 782 1464 enim
804 1410 900 1483 petivit
922 1411 1020 1465 videre.
1057 1409 1188 1466 llalorum
1203 1428 1291 1467 causae
1306 1411 1426 1473 accedit,
1451 1411 1587 1484 quodepi·

299 1514 398 1571 scopus
414 1494 590 1568 lloguntinus
605 1510 656 1566 per
670 1494 816 1549 conciones
832 1495 977 1556 mandavit,
1000 1494 1112 1551 lluttcni
1133 1495 1242 1551 nomine
1258 1513 1406 1569 expresso,
1428 1495 1516 1550 libros
1537 1496 1586 1550 eius

298 1589 394 1637 contra
410 1580 557 1635 Romanum
573 1577 728 1651 pontificem
745 1595 833 1651 neque
848 1578 903 1652 legi
919 1596 1008 1652 nequo
1024 1580 1090 1641 cmi.
1115 1579 1166 1635 sub
1181 1580 1471 1637 excommunicationis
1487 1588 1612 1635 senten-u

299 1667 351 1728 tia,
374 1665 479 1720 adiecto
495 1664 522 1718 in
538 1662 590 1718 bne
607 1663 727 1718 ‘eandem
742 1663 905 1719 sententiam
920 1664 953 1719 de
969 1663 1102 1720 similibus
1118 1663 1212 1726 libris’.
1234 1664 1280 1719 ubi
1296 1683 1373 1721 meos
1391 1664 1499 1720 occulte
1514 1673 1586 1720 taxat

298 1751 398 1806 Verum
420 1750 442 1805 si
466 1755 493 1804 et
516 1765 558 1802 me
580 1748 617 1802 ita
640 1748 798 1802 nominatim
822 1748 991 1809 tractaverit,
1015 1749 1125 1822 iungam
1149 1748 1268 1804 llutteno
1291 1757 1319 1804 et
1341 1767 1433 1805 meum
1460 1750 1585 1823 spiritum.

300 1837 337 1892 ita
359 1853 401 1890 me
430 1840 622 1893 excusaturus,
657 1839 687 1886 ut
715 1833 873 1906 episcopum
900 1832 1088 1905 lloguntiunin
1116 1851 1171 1889 non
1200 1834 1251 1889 sim
1284 1833 1490 1890 letificaturus:
1524 1835 1586 1890 lorte

300 1920 380 1976 linem
402 1917 538 1993 tyrannidi
561 1934 618 1972 snae
641 1916 694 1989 ipsi
716 1916 766 1971 sibi
790 1917 942 1973 accelerant
964 1918 1018 1974 lroc
1039 1917 1182 1975 consilio(
1209 1918 1250 1973 dd
1272 1936 1316 1974 me
1339 1919 1423 1974 redeo
1446 1960 1585 1973 .......

301 2044 543 2059 ...........
561 2002 601 2056 Tn
623 2001 680 2056 brec
703 2000 766 2056 boni
789 2002 915 2064 consulo,
945 2010 973 2058 et
997 2002 1054 2058 vale
1077 2005 1104 2058 in
1127 2003 1252 2066 domino:
1281 2021 1346 2059 cnra
1375 2011 1481 2064 autern.
1509 2022 1542 2059 ne
1560 2011 1611 2058 elta

300 2089 417 2163 principi
439 2095 537 2143 nostro
560 2093 652 2159 pateat
674 2103 799 2141 necessus
821 2087 935 2159 passim.
959 2103 994 2142 ne
1016 2095 1044 2143 et
1068 2088 1155 2162 ipsum
1179 2095 1254 2162 petat
1268 2105 1373 2143 veneno
1390 2087 1505 2160 aliquis:
1527 2087 1585 2143 nihil

301 2191 355 2229 non
379 2172 523 2229 tentabunt
545 2170 741 2234 llomancnses,
765 2187 815 2226 nec
837 2179 930 2245 potest
952 2172 1019 2227 satis
1042 2172 1177 2228 Hntteuus
1200 2190 1242 2228 nne
1271 2190 1399 2238 monere;
1433 2173 1501 2229 adeo
1529 2172 1584 2227 inibi

300 2259 333 2314 de
355 2275 459 2314 veneno
484 2257 568 2312 timet.
591 2254 807 2328 lllittembergre.
832 2255 975 2312 Undecima
999 2256 1174 2331 Septembris.
1197 2259 1275 2313 Anno
1298 2258 1366 2314 llll.
1375 2258 1428 2313 XX.

1253 2342 1385 2399 llartinus
1407 2342 1547 2398 lutherus.

328 2857 560 2926 wiermannus-l
647 2787 653 2793 ἡ
810 2842 1080 2921 CLXXXVII.
1269 2860 1308 2929 [u.
1322 2879 1481 2915 seersum
1493 2860 1567 2928 raud]
1587 2875 1607 2916 rr

755 3018 929 3098 PHlLlPPVS¹
939 3019 1141 3076 MELANTHON

751 3115 878 3167 IOANNI
897 3116 1150 3168 SCHWEBELIO.

387 3240 479 3303 Salve,
502 3239 605 3314 optime
627 3238 768 3295 lohannes.
812 3239 925 3296 Falleris
948 3242 970 3296 si
993 3241 1071 3296 cuius
1092 3240 1181 3297 credis
1206 3241 1272 3296 mibi
1299 3242 1473 3299 iucundiores
1501 3243 1582 3299 literas

302 3344 363 3383 esse
386 3343 465 3400 quam
488 3332 548 3380 tuns
572 3366 625 3388 ..‚
643 3366 838 3379 .........
862 3325 1079 3381 Romanistarum
1103 3326 1174 3380 feces
1198 3325 1263 3381 nihil
1287 3327 1448 3384 metuimus:
1477 3329 1499 3383 si
1526 3328 1582 3382 deus

301 3429 352 3486 pro
376 3411 467 3472 nobis,
491 3410 552 3483 quis
574 3416 669 3465 contra
692 3409 760 3464 nus?
794 3409 871 3464 blitto
894 3410 942 3465 tibi
967 3410 1108 3483 legendam
1130 3409 1241 3465 llutteni
1265 3412 1422 3486 epistolam.
1453 3431 1529 3469 unam
1555 3422 1606 3466 extr

302 3494 396 3551 multis
399 3538 569 3550 ........
586 3495 625 3549 Τιι
648 3512 698 3569 por
720 3495 889 3550 occasionem
913 3496 1057 3569 responde.

1315 3580 1457 3657 Philippus
1481 3592 1546 3638 tuus.

303 3797 488 3847 CLXXXVII.
521 3796 532 3845 l
546 3814 581 3840 =
593 3795 726 3845 Centurie
738 3796 808 3860 Epp.
822 3794 1006 3861 theologicer.
1028 3797 1063 3846 ad
1075 3797 1133 3846 loe.
1147 3796 1359 3847 Schwebelium.
1382 3798 1446 3863 Bip.
1462 3798 1531 3849 1597.
1551 3796 1580 3845 8³.

302 3899 328 3947 p.
341 3881 367 3933 8.
381 3898 421 3947 sq.
434 3898 507 3933 n.1v.
577 3879 991 3944 2=Corp11sllelorrnatorum
1010 3880 1053 3929 ed.
1071 3880 1295 3932 Bretschneider.
1319 3883 1379 3932 Vol.
1395 3884 1416 3933 1.
1440 3884 1504 3934 Hal.
1520 3880 1580 3932 1831.

820 3964 856 4012 4⁰.
876 3981 901 4029 p.
914 3963 973 4014 toa.
994 3981 1020 4014 n.
1033 3963 1075 4017 88.

370 4137 431 4181 Μῆ-
450 4136 493 4187 Cl.
507 4151 590 4201 supra
607 4133 705 4200 p.'3bl.
723 4135 775 4195 57.
846 4133 867 4165 ²³
892 4134 1000 4201 literas]
1024 4139 1183 4186 recentiores
1206 4154 1279 4203 quam
1303 4155 1344 4201 ep.
1363 4138 1498 4187 d.‹l.lua.
1519 4136 1579 4186 152⁰.

301 4226 416 4285 scriptor,
434 4223 548 4272 sednon
566 4227 708 4271 exstantes.
727 4224 821 4270 minam
839 4224 1026 4284 reperirentur.

369 4304 392 4338 ²⁵
410 4304 504 4371 episl.}
522 4308 559 4356 ad
576 4306 711 4355 [autberum
729 4307 754 4355 d.
774 4306 799 4355 d.
815 4306 871 4354 Iun.
885 4323 909 4354 rr.
928 4304 999 4354 1520.
1018 4310 1148 4370 scriplum.
1207 4317 1210 4322 ’

771 4573 1150 4590 *—
