3917 5950
338 593 413 672 26ss
529 611 625 666 CXXI.
645 629 749 666 aassur
763 628 825 666 aer.
840 628 876 666 ιι)
889 628 970 667 nsva.
986 628 1148 669 cssrsmvu
1161 634 1203 670 aa.
1217 634 1244 670 n.
1260 627 1280 671 t.
1295 636 1354 672 ιιιι.
1372 629 1433 673 tate.

338 811 412 857 esse,
442 791 488 851 sed
512 806 661 867 suppresso
684 789 808 852 numium
841 806 937 846 rursus
960 789 1005 846 alii
1028 790 1127 848 Fausto
1150 801 1239 867 poetae
1262 795 1436 863 tribuebant;
1470 796 1516 854 alii
1538 797 1621 855 lliero·

340 898 421 955 nymo
443 878 534 934 Balbo.
579 894 631 949 ogo
654 875 718 948 quid
740 875 773 931 de
795 875 838 929 bis
860 875 1024 938 corriectem,
1048 894 1103 932 non
1125 877 1225 942 babeo,
1252 881 1437 940 subodoratus
1461 901 1521 939 sum
1543 885 1622 958 quoad

338 965 429 1027 licuit,
452 981 544 1019 verum
560 961 679 1018 nondum
701 960 880 1034 pervestigari
904 961 976 1033 quud
992 962 1081 1017 antimo
1097 980 1157 1018 meo
1180 964 1281 1022 iaceret
1304 968 1379 1023 satis.
1417 969 1539 1043 desipuit
1559 971 1623 1043 quis·

339 1051 400 1124 quis
423 1049 547 1122 scripsit,
570 1056 598 1104 at
619 1046 722 1101 maiore
744 1044 879 1119 supplicio
900 1045 1000 1118 dignus
1023 1047 1147 1121 quisquis
1170 1049 1312 1124 evulgavit.
1349 1070 1380 1110 ac
1401 1054 1489 1110 miror
1511 1071 1568 1111 esse
1583 1056 1622 1127 qui

339 1134 399 1191 solo
429 1133 485 1189 stili
514 1138 676 1205 argumento
705 1130 769 1184 mih-i
799 1129 946 1186 obtrudere
975 1141 1085 1204 parent.
1114 1151 1175 1189 cum
1205 1152 1255 1192 nec
1281 1153 1338 1193 mea
1369 1139 1405 1194 sit
1428 1139 1551 1212 phrasis,
1579 1139 1642 1194 nisit

338 1237 453 1294 prorsus
476 1219 534 1292 ipse
556 1217 621 1272 milri
645 1233 704 1270 sum
728 1215 855 1287 ignotus,
886 1232 935 1271 nec
957 1215 1053 1270 mirum
1082 1217 1118 1271 sit
1140 1218 1275 1283 futurum,
1305 1222 1386 1278 etiam
1415 1221 1488 1298 siqui
1516 1225 1543 1280 iu
1572 1242 1625 1280 ura·

340 1306 415 1361 tione
443 1302 568 1359 nonnibil
598 1301 733 1357 referrent
762 1298 940 1362 lirasmicum,
969 1317 1030 1356 cum
1052 1318 1145 1358 verser
1174 1303 1200 1359 in
1225 1305 1349 1362 manibus
1373 1309 1510 1370 omnium,
1541 1317 1569 1365 ct
1589 1327 1625 1363 re·

339 1389 453 1446 ierimus
469 1388 525 1443 iere
542 1388 568 1442 in
584 1402 700 1460 quorum
717 1385 824 1439 assidua
840 1383 957 1440 lectione
973 1402 1120 1441 versamur.
1158 1387 1251 1462 Neque
1270 1390 1370 1446 desunt
1385 1392 1430 1450 bic
1446 1392 1493 1466 qui
1509 1394 1626 1449 iactitent

339 1482 412 1531 tuam
428 1489 538 1548 quoquc
550 1471 724 1528 reverendam
739 1469 951 1524 dominationem
966 1472 1166 1544 propemodum
1180 1473 1208 1528 in
1224 1491 1281 1530 carn
1297 1477 1481 1550 suspicionem
1493 1478 1625 1534 adductam

338 1576 407 1616 esse.
431 1558 504 1634 quod
520 1557 584 1614 mibi
599 1564 674 1613 certe
690 1571 826 1627 nunquam
843 1553 1058 1628 persuadebitur,
1073 1556 1160 1613 donec
1174 1575 1334 1632 persuasum
1350 1563 1403 1625 erit
1418 1580 1475 1620 non
1491 1580 1552 1618 esse
1566 1580 1625 1618 rana
1634 1574 1654 1616 ιι

238 1673 241 1679 ·
339 1644 448 1719 quaeda
470 1642 592 1699 doctrina
609 1639 807 1715 prudentiaque
830 1639 887 1694 eius
910 1638 1059 1695 admirabili
1076 1642 1176 1715 passim
1191 1660 1206 1699 a
1222 1646 1333 1711 summis
1348 1647 1413 1703 viris
1436 1647 1627 1723 praedicantur:

340 1746 429 1802 neque
458 1728 601 1801 quicquam
632 1724 773 1785 addubito,
793 1723 873 1797 'quin
901 1723 1027 1781 etiamsi
1058 1725 1122 1798 quid
1145 1729 1309 1803 suspicionis
1332 1740 1494 1807 occupasset
1516 1733 1626 1788 oninium

341 1824 432 1875 tuum,
457 1811 535 1868 lacile
558 1812 607 1866 sim
631 1826 809 1870 excussurus,
834 1809 971 1864 siceram
993 1809 1073 1865 detur
1088 1811 1224 1886 colloqui,
1249 1814 1274 1870 id
1290 1816 1363 1888 quod
1378 1814 1526 1891 aliquande
1541 1816 1626 1873 licebit

339 1900 446 1957 iacente
462 1897 579 1954 Christo.
618 1891 728 1951 lnterim
752 1893 866 1949 obsecro
888 1893 1017 1967 pietatem
1041 1903 1129 1958 tuam,
1153 1904 1182 1952 ut
1205 1898 1257 1955 boc
1279 1899 1330 1955 sibi
1353 1902 1532 1974 persuadeat,
1554 1901 1626 1959 liras·

339 2003 411 2041 mum
442 1980 596 2040 huiusmodi
624 1978 732 2036 libellos
761 1977 794 2032 ab
821 1977 882 2033 aliis
904 1979 1076 2052 conscriptos
1099 1989 1126 2036 et
1149 1982 1267 2038 edendos
1289 1986 1493 2059 suppressisse:
1527 1994 1652 2043 tantumts

339 2070 416 2125 abe'st
445 2075 476 2124 ut
503 2066 658 2122 huiusmodi
688 2062 814 2138 quiddam
843 2063 901 2136 ipsc
930 2062 973 2118 vel
1003 2064 1118 2119 ediderit
1140 2067 1182 2122 rel
1205 2068 1327 2124 editurus
1350 2071 1386 2126 sit
1408 2088 1539 2145 uuquam.
1581 2088 1626 2128 nec

339 2155 437 2211 mirum
466 2153 489 2207 si
517 2151 598 2208 isthic
626 2157 690 2205 sunt
720 2148 765 2222 qui
792 2147 825 2202 de
848 2165 891 2202 me
920 2146 985 2204 talia
1013 2150 1194 2213 mentiantur:
1224 2170 1285 2209 cum
1307 2153 1351 2212 hic
1371 2155 1406 2212 de
1429 2157 1555 2230 proximo
1576 2173 1626 2212 non

339 2240 440 2315 pudeat
470 2238 601 2311 quosdam
629 2233 829 2308 improbissime
856 2233 890 2288 de
920 2250 962 2288 me
990 2234 1114 2289 mentiri:
1148 2237 1273 2296 omnibus
1296 2240 1416 2296 omniurn
1446 2233 1625 2316 sycophantiis

339 2325 506 2398 respondere
534 2338 587 2377 nou
616 2336 743 2393 possum
772 2317 825 2373 hoe
847 2319 920 2391 quod
943 2318 971 2373 in
994 2335 1035 2374 me
1058 2319 1140 2376 situm
1163 2329 1219 2384 est,
1248 2323 1386 2398 praestabo
1410 2367 1624 2380 ..........

338 2409 409 2464 benc
432 2408 517 2463 valeat
541 2405 568 2460 E.
585 2405 614 2460 ll.
632 2405 661 2459 T.
676 2404 704 2458 ll.
728 2403 770 2459 cui
793 2420 836 2459 me
859 2410 946 2458 totum
975 2403 1071 2460 dedico
1098 2423 1293 2482 consecroque.
1335 2408 1448 2466 beranii
1471 2411 1550 2467 Αιιιιο
1572 2409 1652 2468 uit-a

338 2493 434 2549 lesimo
457 2489 676 2566 quingentesimo
698 2488 878 2545 decimonono
901 2487 1008 2543 Calend.
1031 2488 1100 2544 llaii.

407 2656 458 2724 [Ex
476 2655 596 2723 epistola
619 2655 732 2704 Thomas
750 2654 821 2703 Mori
840 2668 900 2718 qnae
918 2652 1022 2718 legitur
1039 2655 1068 2704 in
1086 2654 1157 2706 libro
1175 2657 1300 2709 indicate
1320 2659 1418 2710 Indice
1437 2659 1506 2710 bibl.
1527 2676 1554 2710 n.
1567 2661 1624 2722 bid.

338 2743 396 2794 foll.
411 2743 434 2793 G
447 2743 471 2794 3.
485 2757 553 2806 sqq,
567 2739 631 2799 535.
646 2756 671 2805 p.
685 2737 727 2789 92.
741 2753 808 2803 sqq,
822 2739 856 2788 de
870 2738 975 2803 dialogi
989 2739 1086 2788 ‘laelius'
1099 2746 1213 2792 arretore
1226 2743 1297 2793 hasne
1310 2742 1399 2794 locrrm
1412 2742 1517 2795 addere
1531 2742 1624 2810 iussu]

406 2830 469 2891 „De
487 2826 551 2877 lulii
570 2824 683 2888 dialogo
700 2838 790 2887 neque
810 2823 889 2872 cuius
907 2823 944 2873 sit
962 2838 1052 2887 neque
1071 2826 1224 2876 cuiusmodi
1246 2828 1295 2889 sit,
1320 2828 1389 2878 mihi
1411 2845 1534 2894 uuquam
1551 2830 1626 2881 valde

337 2913 420 2963 libuit
439 2927 574 2978 quarere,
599 2926 661 2960 cum
679 2909 713 2957 de
731 2913 848 2972 utraque
867 2924 896 2958 re
915 2907 1010 2957 varias
1028 2909 1162 2960 audierim
1185 2913 1349 2963 sententias.
1385 2914 1448 2965 Hoc
1473 2919 1551 2965 certe
1573 2917 1654 2966 seiott

337 2999 462 3064 protinus
480 2997 613 3047 defuncto
631 2995 703 3045 lulio
721 3010 779 3044 rem
790 2993 908 3043 Parisiis
926 2991 998 3042 ludia
1017 2999 1109 3043 actam
1127 2996 1255 3060 publicis.
1291 2997 1373 3048 Multi
1391 3000 1485 3051 sciunt
1503 3017 1626 3053 reveren-

337 3083 400 3135 dum
418 3088 526 3149 patrem
543 3082 728 3132 Poneberium
746 3078 914 3129 Parisicnsis
931 3078 1009 3127 urbis
1028 3080 1196 3141 antistitem,
1222 3083 1268 3145 qui
1291 3082 1345 3133 bue
1368 3082 1482 3149 legatus
1505 3092 1626 3146 venerat,

336 3169 437 3220 librum
454 3168 619 3219 vendicasse
637 3168 755 3225 Fausto,
785 3162 856 3227 quod
873 3167 904 3211 ut
926 3176 1021 3211 verum
1044 3163 1141 3225 luerit,
1170 3165 1239 3215 nibil
1265 3159 1559 3234 impatientissimus}
1587 3172 1629 3221 cui

336 3256 457 3304 Faustus
475 3268 529 3302 non
548 3252 658 3317 ignotus
672 3253 744 3310 erat,
763 3247 864 3296 librum
877 3247 950 3311 apnd
961 3262 992 3296 se
1006 3261 1112 3312 quoque
1124 3251 1284 3317 priusquam
1296 3254 1479 3304 excuderetur
1490 3254 1628 3306 habuisse.

282 3318 287 3336 ‘
336 3338 406 3387 Nam
425 3337 496 3402 quod
515 3353 547 3385 en
567 3335 632 3385 stilo
649 3350 707 3383 rem
726 3332 882 3392 convincis,
903 3346 982 3395 quem
995 3331 1104 3381 Erasmi
1122 3349 1200 3384 suum
1213 3341 1295 3401 atque
1308 3338 1476 3402 ipsissimum
1490 3355 1554 3390 esse
1568 3349 1660 3392 con-tt

337 3422 442 3480 firmas,
462 3437 515 3470 non
535 3435 643 3486 possum
662 3418 728 3467 mihi
748 3421 901 3479 temperare
920 3417 985 3479 quin
1004 3415 1123 3480 rideam,
1148 3425 1281 3484 reputans
1299 3437 1404 3471 mecum
1418 3425 1490 3487 quod
1503 3440 1567 3474 enm
1578 3440 1631 3475 non

336 3506 483 3572 permittas
500 3507 630 3566 Erasmo,
658 3508 688 3552 ut
706 3518 739 3555 es
757 3500 822 3550 stilo
842 3501 988 3565 quicquam
1011 3501 1116 3550 iudicet
1138 3504 1166 3553 in
1185 3504 1411 3569 Hieronymianis
1435 3509 1581 3573 operibus,
1608 3511 1630 3560 is

337 3592 381 3639 cui
400 3590 469 3654 quod
489 3590 613 3638 omnibus
632 3588 660 3636 in
680 3585 881 3649 conlassoyesb
907 3600 1001 3634 omnes
1024 3587 1158 3636 orationis
1177 3590 1294 3639 virtutes
1311 3591 1368 3640 sint
1391 3592 1630 3658 exploratissimae,

337 3680 366 3723 tu
385 3676 431 3738 qui
450 3673 515 3737 quid
532 3675 570 3722 sit
588 3672 669 3722 stilus
688 3677 736 3720 aut
754 3670 863 3734 phrasis
882 3669 1022 3733 explicare
1041 3685 1095 3719 non
1113 3674 1212 3735 possis,
1232 3690 1345 3740 arroges
1363 3680 1458 3727 tamen
1477 3678 1529 3727 tibi
1548 3685 1580 3728 ut
1598 3695 1631 3730 ex

336 3760 401 3808 stilo
419 3759 563 3808 discernas
581 3756 725 3805 Erasmica
743 3755 771 3803 in
790 3759 870 3803 tauta
888 3753 1074 3803 litteratorum
1093 3756 1188 3820 turba,
1209 3773 1321 3822 quorum
1339 3761 1455 3825 quisque
1478 3764 1569 3827 quoad
1582 3741 1667 3829 pots·

336 3849 392 3893 test
404 3842 575 3892 Erasmicam
587 3841 738 3889 dictionem
758 3843 874 3888 conatur
891 3837 1005 3887 imitari.
1036 3838 1095 3888 lam
1113 3856 1184 3904 pone
1202 3840 1303 3892 librum
1314 3844 1390 3895 illins
1403 3861 1478 3906 esse,
1498 3864 1571 3913 pone
1584 3849 1630 3899 bo-

336 3930 436 3979 minem
455 3926 592 3976 infensum
611 3923 706 3984 bellis,
732 3924 832 3972 iratum
850 3922 1016 3970 turbulentis
1034 3925 1204 3989 temporibus
1223 3925 1315 3992 aliquo
1333 3930 1418 3978 animi
1443 3931 1548 3996 impetu
1571 3950 1631 3998 pro·

335 4017 444 4062 vectum
463 4011 547 4060 latius
566 4025 647 4075 qnam
666 4007 775 4072 pacatis
793 4011 855 4070 post
874 4005 923 4055 illa
941 4007 1023 4056 rebus
1041 4012 1070 4057 et
1087 4010 1277 4075 tranquillatis
1295 4012 1443 4064 affectibus
1461 4020 1630 4080 optavisset:

335 4099 450 4164 primum
473 4096 562 4161 magis
586 4095 638 4144 hoc
661 4097 723 4142 erat
746 4089 933 4155 imputandum
956 4091 992 4140 iis
1011 4092 1056 4155 qui
1075 4091 1174 4143 librum
1191 4110 1241 4144 suo
1260 4087 1382 4162 tempore
1405 4100 1540 4165 scriptum
1565 4109 1630 4152 tranr-

335 4199 400 4248 pore
420 4197 473 4231 uon
492 4196 541 4231 sue
558 4179 751 4244 vulgatorunt.
782 4175 882 4224 deinde
901 4190 990 4239 quase
1008 4181 1037 4226 te
1055 4176 1171 4228 hoccine
1189 4181 1317 4230 monachi
1335 4182 1427 4232 fuerat
1439 4199 1560 4235 errorem
1575 4187 1627 4237 lra—
1637 4198 1661 4239 to

335 4269 385 4318 tris
404 4281 516 4328 eruere,
540 4266 618 4314 cuius
642 4262 764 4313 ciliciam
786 4258 908 4325 postulet
931 4262 1024 4324 potius
1046 4267 1077 4310 nt
1099 4263 1240 4313 solitarius
1264 4265 1361 4316 sedeat
1385 4282 1419 4317 ac
1442 4283 1494 4319 sna
1512 4276 1630 4335 peecata

335 4353 438 4402 defleat
456 4366 537 4416 qnam
555 4355 585 4399 ut
604 4321 698 4398 aliena
717 4349 860 4410 coarguat.
897 4345 1002 4406 Quodsi
1021 4361 1100 4409 quem
1118 4346 1190 4398 liber
1207 4349 1366 4410 offenderit,
1386 4354 1523 4417 apnlhos
1535 4373 1631 4423 opinor

334 4436 437 4486 malam
455 4435 541 4484 inibis
560 4435 680 4499 gratiam
699 4429 822 4481 libellum
841 4443 968 4478 asserens
988 4428 1029 4477 illi
1037 4429 1172 4495 ,quando
1191 4433 1252 4497 plus
1271 4439 1543 4502 commerciuerit,
1564 4457 1630 4505 opus

333 4526 365 4569 ut
382 4521 419 4569 sit
436 4509 598 4569 ἀδέσποτον
616 4533 697 4583 quam
716 4515 752 4565 ab
771 4514 877 4564 autoris
895 4514 1082 4566 aestimatione
1102 4518 1327 4568 commendetur.
1341 4555 1349 4568 .
1362 4555 1370 4569 .
1383 4524 1409 4568 .”

401 4667 528 4733 ¹Balbo]
548 4676 575 4718 nt
593 4665 1018 4734 ciusoperumeditordelietzer.
1070 4664 1198 4734 ³desip.]
1213 4671 1326 4736 ineptiit
1337 4674 1362 4722 2.
1375 4689 1434 4739 sqq.
1487 4674 1626 4743 ⁴at]&l.

334 4751 499 4815 Multas.
554 4754 639 4803 'ren
654 4751 984 4818 domlcelsitudinem2.
997 4766 1054 4816 sqq.
1108 4750 1130 4785 ¹⁰
1146 4769 1238 4806 none
1252 4772 1326 4807 vana
1337 4761 1448 4809 omni
1503 4760 1525 4793 ¹⁵
1542 4764 1625 4814 aeden

334 4837 522 4887 dost....3et
540 4853 690 4904 sacrasqq.
742 4834 892 4902 2⁰13....1).]
913 4835 1064 4901 amplitudo
1083 4841 1239 4907 tua2.sqq.
1292 4838 1495 4896 ΜΙι·οιιιιίο
1515 4846 1624 4912 letsjt,

334 4921 385 4971 An.
400 4920 473 4972 lblb.
494 4924 520 4971 5
572 4920 595 4953 ⁴⁴
612 4911 802 4980 ἅδέσποτοςι.
818 4918 1018 4987 adalpotom2
