3917 5950
354 618 427 693 326
480 633 560 688 CLV.
581 649 663 685 urrr.
676 648 714 684 so
726 648 840 684 enanis.
854 648 982 685 srsrmsr
995 649 1082 686 rone.
1096 651 1131 686 os
1145 651 1190 686 rr.
1205 650 1283 687 scer..
1298 650 1436 689 consur.
1452 644 1514 687 toto.

297 798 394 870 stilti
423 809 520 869 omnia
548 807 726 883 capessenda
753 803 938 865 consultores
964 806 1056 865 simus
1083 807 1242 886 opportuni
1269 815 1297 867 et
1321 808 1427 870 seduli.
1474 807 1561 879 Quod
1586 828 1642 869 cnm

354 911 417 971 aliis
438 892 579 971 in'rebus
601 909 697 970 lacere
719 909 792 969 alios
813 908 940 975 rideam,
962 909 1024 984 ipse
1047 909 1104 969 hoe
1126 909 1197 969 inihi
1219 909 1385 987 desumpsi,
1411 910 1601 971 obnixissime
1619 919 1644 970 ut

354 1031 489 1073 moneam
513 1030 550 1072 ne
571 1013 696 1088 patiatur
719 1012 827 1072 diutius
849 1009 1059 1069 contumelioso
1077 1010 1202 1071 Romani
1222 1013 1368 1088 pontilicis
1391 1012 1541 1091 tyrannidi
1563 1013 1644 1071 obno-

355 1116 431 1175 xiarn
459 1131 523 1173 esse
551 1107 627 1172 ha'nc-
653 1115 809 1173 nationem.
856 1112 931 1183 Ouid
954 1114 1030 1172 enirn
1053 1114 1137 1190 prius
1159 1112 1263 1191 aliquis
1285 1116 1432 1174 existimat
1454 1114 1571 1174 ancas
1592 1133 1645 1174 esse

355 1215 558 1283 debellandos,
593 1217 642 1293 qui
672 1224 701 1274 et
728 1214 844 1290 longius
872 1213 979 1273 absunt
1006 1221 1035 1275 et
1062 1233 1098 1275 eo
1125 1233 1235 1291 genere
1264 1215 1348 1275 nobis
1376 1217 1576 1277 adversantur
1597 1235 1661 1295 quot

355 1318 504 1395 potuimus
524 1318 580 1394 ipsi
599 1334 717 1393 semper
738 1315 912 1393 plurimum,
933 1334 1083 1376 armorum
1106 1318 1310 1378 contentione?
1340 1338 1377 1378 an
1396 1320 1484 1396 prius
1504 1318 1597 1378 hostis
1612 1327 1647 1378 est

357 1419 533 1498 quaerendus
555 1437 644 1497 quem
666 1419 816 1479 hauddum
837 1420 996 1486 sensimus,
1021 1437 1108 1497 quam
1129 1419 1197 1480 huic
1219 1421 1416 1481 resistendum
1436 1423 1489 1498 qui
1512 1422 1542 1481 in
1566 1422 1646 1481 cerri·

299 1529 345 1581 §.a
358 1520 441 1581 cibus
461 1523 517 1581 iam
541 1522 648 1580 nostris
667 1538 774 1596 magno
797 1538 865 1580 cum
887 1521 1091 1580 dominationis
1114 1521 1189 1581 tastu
1210 1523 1378 1597 grassatur?
1407 1523 1440 1582 ld
1457 1523 1539 1601 quod
1558 1524 1647 1582 conari

355 1640 512 1699 aggressus
534 1638 590 1698 ego
614 1641 671 1681 non
695 1629 806 1682 tantum
829 1621 994 1698 pericnlum
1015 1640 1074 1680 non
1097 1628 1211 1690 metuo,
1236 1625 1344 1701 quippo
1366 1625 1447 1684 iuxta
1467 1623 1575 1684 Christi
1590 1642 1646 1683 sen·

298 1718 302 1725 ’
356 1726 476 1785 tentiam
505 1726 638 1784 existimo
668 1723 781 1783 sortiter
809 1741 875 1801 quae
902 1742 970 1784 roca
998 1731 1066 1783 sunt
1093 1724 1231 1793 dicenda,
1259 1743 1315 1785 neo
1338 1725 1488 1785 timendos
1515 1743 1579 1784 esse
1604 1730 1670 1784 eos¹t

356 1827 407 1905 qui
428 1827 567 1886 occidunt
588 1843 711 1902 corpus,
738 1827 864 1886 arrimam
886 1833 983 1886 autem
1009 1843 1069 1884 non
1096 1834 1218 1903 possunt
1240 1827 1391 1896 oecidere;
1425 1827 1478 1887 sed
1502 1829 1646 1904 praemium

358 1929 445 2012 etiam
466 1946 569 2005 spero,
600 1945 658 1986 nou
681 1928 743 1996 hic,
773 1926 823 1987 ubi
846 1928 974 1988 minores
996 1935 1064 1988 sunt
1085 1929 1196 1988 rueritis
1218 1930 1325 1989 nostris
1349 1928 1577 1998 retributiones,
1602 1928 1646 1989 sed

358 2031 388 2089 in
416 2028 463 2089 illa
493 2031 672 2106 sempiterna
700 2031 808 2106 patria,
836 2028 887 2090 ubi
916 2030 1057 2090 reddetur
1085 2032 1242 2107 unicuique
1269 2030 1433 2090 secundum
1460 2032 1564 2090 merita
1591 2048 1644 2090 sua.

301 2130 441 2194 §.ellaho
466 2132 544 2190 enim
567 2148 703 2207 operam,
730 2138 762 2190 ut
784 2130 918 2191 abstrusa
947 2148 1043 2207 nuper
1070 2140 1099 2190 et
1126 2139 1225 2193 extare
1247 2133 1332 2192 vetita
1358 2134 1387 2191 iu
1408 2131 1508 2192 lucem
1533 2133 1647 2210 prodeat

358 2234 478 2300 recitaS,
510 2250 565 2292 nee
593 2231 675 2292 locus
702 2234 739 2292 sit
767 2232 891 2310 amplius
915 2233 1060 2310 pudendis
1085 2233 1264 2301 fictionibus,
1300 2233 1451 2294 secleratis
1480 2234 1672 2294 mendaciisztt

359 2337 389 2393 in
415 2351 481 2411 quae
508 2335 549 2393 sio
577 2337 759 2395 eortsensisse
787 2335 930 2394 mundum
955 2334 1102 2402 ridemus,
1131 2342 1162 2395 ut
1186 2353 1251 2412 quae
1273 2334 1381 2396 Christi
1404 2343 1490 2405 sunt,
1520 2354 1586 2414 quae
1606 2335 1646 2396 ille

302 2445 347 2496 Μ.
359 2434 540 2495 obsecranda
568 2435 681 2503 docuit,
714 2455 788 2513 peno
815 2438 849 2496 iis
876 2438 975 2513 ignota
1001 2438 1072 2504 sint,
1108 2438 1156 2515 qui
1186 2435 1332 2497 Christum
1357 2437 1546 2514 profitentur.
1591 2437 1647 2498 llou

359 2536 514 2596 serendum
537 2544 580 2595 est
602 2539 691 2611 igitur
712 2555 768 2615 pro
787 2536 953 2613 evangelica
971 2539 1091 2597 recitate
1114 2544 1143 2597 et
1161 2536 1267 2598 Christi
1290 2538 1423 2598 doctrina
1445 2541 1551 2599 inanes
1572 2538 1646 2599 labu-

359 2637 416 2706 las,
440 2636 592 2697 hominnm
615 2639 765 2707 mandata,
790 2640 863 2701 lucri
890 2639 1064 2717 plerumque
1090 2643 1191 2699 caussa
1213 2639 1250 2698 ah
1269 2641 1303 2699 iis
1322 2647 1490 2700 commenta
1516 2641 1645 2718 snppooi;

360 2739 413 2799 sed
433 2739 597 2799 revocanda
616 2740 652 2799 ab
673 2740 800 2800 obscuro
824 2748 852 2800 et
873 2738 1000 2801 latibulis
1021 2741 1081 2800 suis
1102 2742 1208 2801 recitas
1229 2750 1287 2810 est,
1311 2748 1340 2800 et
1363 2741 1538 2802 inculcanda
1561 2742 1672 2802 denuo²t

304 2840 513 2904 §.nhominnm
535 2841 657 2902 auribus
679 2862 713 2902 ao
735 2842 929 2921 imprimenda
948 2840 1091 2901 sensibus.
1126 2842 1236 2918 ‘Ignem
1258 2844 1322 2903 reni
1345 2845 1462 2903 mittere
1486 2845 1517 2904 in
1539 2843 1647 2904 terrani

361 2942 495 3004 Christus
522 2945 576 3012 ait,
607 2944 737 3021 ‘etquid
760 2944 838 3013 volo,
868 2945 923 3004 nisi
951 2950 984 3003 ut
1011 2943 1220 3004 accendatucl’
1253 2944 1389 3005 Proiecto
1410 2947 1540 3022 ingentis
1562 2946 1649 3007 meriti

359 3054 404 3106 est
426 3049 577 3107 veritatem
603 3047 778 3122 praedicare,
810 3047 883 3106 deus
911 3052 954 3105 est
980 3047 1058 3105 enim
1082 3048 1187 3106 veritas
1212 3053 1241 3107 et
1261 3047 1416 3123 praedicari
1442 3066 1474 3107 se
1502 3047 1598 3114 iubet,
1620 3049 1649 3107 iis

359 3149 410 3227 qui
437 3149 495 3208 hoe
524 3148 644 3216 saciant,
673 3150 827 3225 praemium
851 3153 996 3208 statuens:
1028 3145 1211 3225 ‘Quicunque
1239 3146 1391 3207 consessus
1419 3148 1510 3209 luerit
1532 3149 1589 3209 me'
1612 3151 1649 3208 in·

360 3252 436 3327 quit,
461 3261 570 3310 ‘coram
591 3249 773 3317 bominibus,
805 3257 833 3309 et
855 3249 930 3309 lilius
954 3248 1080 3307 hominis
1103 3247 1289 3308 confitebitur
1317 3248 1396 3309 illum
1418 3268 1520 3310 coram
1546 3250 1675 3327 angeliso

303 3350 427 3415 §.rdei'
466 3357 494 3410 et
516 3369 531 3409 a
554 3357 637 3428 patre
658 3353 699 3412 sic
723 3358 788 3412 orat
810 3351 973 3411 ‘sanctifica
995 3367 1047 3409 eos
1068 3351 1097 3408 in
1120 3348 1258 3410 veritate'
1292 3351 1467 3429 Quanquam
1490 3359 1555 3410 crat
1577 3350 1651 3410 cirilc.

360 3451 468 3527 alioqui
489 3450 597 3511 lactum
618 3472 731 3520 uicum,
754 3461 783 3513 et
804 3452 1040 3513 cernunoratione
1062 3450 1110 3510 hio
1130 3470 1248 3529 quoque
1271 3452 1408 3527 dignum:
1442 3471 1512 3512 rrum
1536 3454 1560 3511 si
1582 3452 1651 3513 benc

361 3559 513 3611 merentur
535 3555 585 3630 qui
607 3553 715 3612 alienas
735 3573 853 3632 qnoque
874 3560 977 3629 gentes
997 3571 1013 3611 a
1036 3554 1166 3630 tyrannis
1187 3552 1328 3621 liberant,
1356 3572 1406 3612 cos
1428 3561 1460 3613 nt
1484 3553 1652 3613 habebimus

306 3653 411 3730 §.aqui
440 3655 562 3731 patriam
590 3654 730 3714 adserunt
757 3654 939 3715 libertatern?
972 3652 1064 3713 Nimis
1097 3656 1153 3713 iam
1181 3656 1273 3721 euim,
1310 3656 1411 3721 nimis,
1444 3673 1502 3733 pro
1534 3655 1650 3723 Christe,

358 3753 449 3813 licere
471 3755 516 3813 isti
539 3755 594 3814 sibi
614 3755 793 3815 arbitrantur
815 3758 844 3815 in
867 3774 935 3823 nos,
957 3772 1084 3832 qnorum
1099 3755 1135 3814 de
1153 3754 1286 3815 libertate
1303 3774 1340 3815 ne
1357 3758 1476 3835 quando
1496 3764 1676 3834 remergattt

359 3855 432 3915 adeo
454 3862 522 3916 sunt
543 3856 670 3923 solliciti,
695 3863 726 3915 ut
748 3856 832 3916 nobis
855 3858 980 3917 recitatis
998 3874 1115 3935 quoqne
1136 3856 1264 3917 studium
1286 3857 1477 3918 interdicant:
1510 3868 1583 3937 quot
1602 3861 1651 3919 iarn

359 3975 452 4019 annos
472 3960 550 4017 enirn
569 3957 700 4017 tulerunt
721 3960 866 4018 neminem
888 3960 938 4036 qui
961 3975 1061 4016 rerurn
1084 3956 1183 4017 dicere
1205 3967 1255 4018 aut
1283 3957 1414 4017 scribere
1443 3978 1535 4020 arrsns
1564 3959 1651 4020 essct?

359 4062 449 4120 immo
475 4067 547 4137 quot
568 4059 759 4137 perdiderunt
781 4062 831 4137 qui
853 4061 971 4120 maioris
996 4057 1158 4117 laciendum
1187 4058 1330 4135 putabant
1357 4059 1559 4135 evangelicam
1587 4061 1651 4120 scri·

360 4170 491 4240 pturaru‚
519 4162 565 4222 clei
588 4160 726 4229 rerbum,
754 4180 841 4239 quarn
864 4161 1034 4238 pontificum
1062 4158 1157 4234 leges,
1185 4159 1337 4220 hominurn
1359 4161 1551 4220 traditiones?
1587 4170 1651 4239 quo·

359 4283 426 4324 rurn
455 4264 543 4343 aliqui
571 4264 718 4341 proxime,
748 4264 801 4322 etsi
828 4280 886 4321 non
911 4262 1007 4320 minus
1036 4279 1124 4338 qnam
1154 4277 1224 4337 ego,
1257 4263 1367 4321 scirent
1391 4281 1458 4340 ane
1481 4282 1551 4323 rora
1580 4270 1674 4329 sunto

361 4367 427 4443 (pria
450 4366 528 4443 apud
550 4384 601 4427 eos
620 4374 718 4425 tamen
739 4364 805 4442 plus
825 4363 967 4440 religione
988 4361 1280 4439 raluitsuperstitio,
1304 4361 1362 4422 illic
1381 4364 1604 4441 trepiclarormrt
1622 4364 1650 4421 ti·

306 4476 460 4535 temore,
490 4466 540 4527 ubi
571 4486 631 4527 uon
657 4474 719 4527 orat
746 4468 843 4526 timor.
882 4466 953 4536 Quae
978 4482 1045 4524 cum
1065 4483 1084 4543 *a
1107 4483 1154 4524 me
1176 4464 1344 4541 longissime
1367 4464 1443 4524 absit
1464 4464 1650 4529 imbecillitas

429 4699 437 4731 ¹
457 4715 538 4763 quum
551 4704 624 4752 2...4.
637 4696 704 4768 ubr'q’.
756 4700 767 4732 ⁹
785 4701 933 4766 adgressus
945 4703 1019 4750 2...4.
1074 4698 1096 4732 ¹⁰
1112 4716 1165 4751 neo
1183 4698 1253 4765 tim]
1266 4701 1372 4766 Evang.
1386 4716 1444 4752 seo.
1458 4702 1561 4751 Matth.
1575 4697 1647 4751 nrt

362 4778 383 4812 ¹⁴
402 4787 599 4835 exstare2...⁴.
653 4785 673 4817 ¹⁷
692 4788 857 4851 paene2...4.
917 4784 937 4815 ¹⁹
956 4787 1081 4836 causat.
1139 4783 1159 4817 ²¹
1179 4785 1457 4852 ignom..uooond.]
1477 4788 1646 4851 Erang.seo.

361 4866 429 4914 Luc.
443 4867 504 4916 ΧΠ.
518 4868 559 4919 49.
646 4868 668 4901 ²⁴
686 4871 738 4921 hoo
760 4873 805 4936 qni
824 4871 932 4921 faciunt
946 4872 1005 4920 Μ.
1093 4868 1184 4935 Quin]
1202 4871 1269 4919 Luc.
1283 4868 1346 4953 XIJ.
1359 4866 1385 4919 8.
1400 4870 1546 4920 estland.
1566 4871 1597 4918 X.
1610 4866 1645 4916 st.

361 4945 383 4978 ²⁰
401 4948 741 5015 Sanctif.]10ann.xv11.
757 4955 796 5004 17.
854 4947 1118 5019 'Quamquam2...d.
1181 4953 1203 4985 ²⁹
1221 4952 1290 5020 prob
1301 4954 1378 5004 2...4.
1435 4953 1459 4986 ³⁸
1477 4955 1582 5022 alioqui
1594 4954 1644 5003 Μ.
