3917 5950
344 644 467 711 XXVII.
485 632 622 695 'smnus
634 655 672 691 tn
684 653 867 692 arnovicnrrt
881 652 916 686 nn
930 649 1041 687 rirrnnu
1054 649 1278 685 consonsnonu.
1295 643 1496 686 n-toarmtom.
1533 619 1574 690 51

282 833 386 877 sarum
408 808 462 877 'rex
485 812 671 891 llmpagm,
694 810 741 871 eui
763 808 838 869 lilios
860 805 1024 885 epulandos
1045 807 1190 884 apposuit,
1212 814 1242 866 et
1263 815 1463 869 comestorum
1485 809 1580 887 rapite

283 917 402 979 ostendi
430 915 578 995 precepit.
632 911 758 973 Pudebit
785 908 950 988 aliquando
971 907 1030 986 legi
1057 909 1171 987 aecmius
1198 908 1232 978 o.
1261 909 1396 972 llartium
1416 915 1503 975 ,unici
1531 914 1650 975 llllitas.

284 1028 411 1081 mortem
433 1017 549 1087 tulisse,
572 1032 661 1097 quam
682 1022 712 1075 te
735 1032 770 1072 ox
793 1018 919 1090 quatuor
942 1012 1043 1071 unius:
1067 1019 1097 1071 et
1117 1010 1165 1071 ille.
1187 1012 1305 1089 quidem
1327 1017 1425 1075 statim
1446 1018 1584 1079 al'uncre

283 1122 322 1181 ad
344 1120 525 1183 senatorium
547 1135 656 1178 munus
677 1115 778 1183 rediit;
800 1122 832 1175 tu
856 1114 931 1173 diros
952 1115 1011 1173 iam
1033 1131 1149 1173 meuses
1170 1112 1286 1174 tristitia
1309 1116 1495 1177 crrnllictaris.
1535 1118 1652 1179 Vistao.

261 1232 315 1287 set
329 1222 514 1285 [seminarum
530 1221 560 1280 iu
575 1220 632 1279 boc
646 1236 755 1297 gerrere
770 1215 969 1277 fortitudinem
985 1214 1108 1275 audiret
1130 1215 1291 1276 Duodecim
1309 1217 1469 1279 liberorum
1486 1219 1584 1281 obitus

284 1334 428 1385 strennue
448 1321 514 1383 tulit
536 1319 670 1381 Gonrelia
692 1318 840 1387 Romana,
868 1316 974 1377 Rutilia
998 1318 1088 1377 Cottae
1110 1316 1175 1387 otii,
1200 1318 1276 1378 Liria
1296 1319 1398 1390 llrusi;
1428 1330 1471 1391 et,
1494 1328 1528 1381 ut
1547 1340 1584 1382 ex

285 1427 379 1487 saeris
401 1442 509 1503 ponam
530 1422 656 1502 aliquid,
689 1421 736 1481 illa
759 1420 924 1481 lllaolrabaea
947 1418 1054 1479 mulier
1076 1426 1185 1498 olianta
1208 1420 1262 1480 tibi
1283 1420 1411 1489 ridetur,
1435 1442 1491 1501 qua
1520 1443 1584 1485 mu·

287 1528 347 1589 uita
370 1526 556 1595 tortitudine,
578 1543 644 1603 quae
666 1531 779 1602 septem
802 1524 915 1600 integra
937 1529 1022 1581 aetate
1044 1521 1118 1581 tilios
1140 1520 1284 1599 supplicio
1306 1524 1383 1584 allici
1404 1524 1499 1585 rotula
1523 1544 1582 1587 non

285 1630 428 1708 spectarit
449 1627 554 1695 modo,
577 1626 629 1687 sed
645 1634 674 1686 et
688 1626 803 1686 hortata
820 1624 915 1684 estad
932 1624 1046 1683 sortiter
1062 1623 1199 1683 lererrdos
1214 1625 1380 1685 cruciatus?
1402 1628 1464 1705 elge
1483 1637 1581 1690 autem
1591 1640 1653 1691 §.tt

253 1738 321 1793 not
342 1732 493 1791 mittamus
514 1729 633 1807 antiqua
655 1729 724 1795 ista,
748 1726 834 1806 quale
856 1725 913 1785 boo
934 1720 1051 1803 tempus
1073 1725 1252 1786 tortitudinis
1274 1727 1442 1805 exemplum
1465 1730 1517 1791 tibi
1533 1732 1585 1793 ob·

286 1832 366 1893 nent
389 1832 433 1893 En
455 1830 536 1891 illum
559 1830 625 1891 ride
640 1827 867 1889 llaximilianum
883 1828 1044 1893 tbesarcm,
1067 1829 1133 1905 qrri,
1156 1829 1287 1887 intanta
1310 1830 1442 1900 tortiora,
1465 1833 1585 1894 unicum

286 1933 379 1995 llliurn
401 1933 582 2013 iniquissimo
604 1939 738 2009 tempore
760 1932 900 1990 arrrissum
922 1928 1072 2006 ‹promodo
1093 1927 1177 1989 tulit't
1199 1938 1281 1989 certe
1304 1938 1418 1992 tautum
1437 1951 1454 1992 a
1470 1934 1603 2011 plebeio.

177 2054 183 2063 ·
285 2034 337 2096 illo
358 2034 441 2097 luctu
462 2034 569 2104 abbolt,
592 2043 626 2094 ut
647 2042 677 2095 et
697 2032 822 2099 bellum,
848 2031 978 2110 quod-iu
1002 2030 1127 2091 Veuetos
1150 2038 1213 2090 erat
1234 2033 1291 2091 iam
1322 2041 1390 2094 arato
1419 2036 1576 2098 meditatus

287 2146 533 2217 prosequeretur,
566 2144 596 2196 et
623 2134 802 2197 (leldrorum
831 2141 953 2193 conatus
980 2135 1162 2211 reprimeret,
1189 2150 1225 2192 ae
1251 2152 1342 2194 novos
1369 2138 1398 2196 in
1427 2137 1586 2201 Pannoniis
1701 2152 1705 2159 '

253 2246 387 2303 nrnotns
408 2238 553 2300 sedandos
575 2245 702 2298 cmamt.
748 2237 784 2297 Et
804 2244 867 2295 erat
887 2237 912 2295 is
935 2234 1011 2295 lilius
1032 2253 1092 2294 uon
1113 2233 1209 2294 solum
1227 2235 1291 2295 talis
1306 2237 1423 2316 qualern
1439 2241 1486 2301 bic
1501 2251 1586 2320 pater
1594 2254 1654 2306 tta.

281 2341 345 2403 sibi
367 2340 453 2401 rellct
474 2341 569 2409 trasei,
592 2339 644 2399 sed
667 2348 696 2399 ct
711 2339 807 2399 Asiam
831 2345 859 2397 et
882 2337 1031 2415 Europam
1053 2339 1098 2398 sui
1120 2336 1313 2399 admiratione
1335 2344 1472 2402 attonitas
1493 2362 1587 2425 prope

288 2444 414 2505 tamt:
448 2442 476 2503 id
500 2441 579 2521 quod
602 2461 638 2501 eo
661 2449 778 2501 mortuo
796 2440 950 2517 cognitum
974 2446 1033 2500 cst:
1066 2447 1180 2500 tautum
1209 2441 1287 2500 euim
1310 2442 1347 2501 alr
1369 2443 1488 2505 interitu
1510 2446 1588 2508 illius

288 2547 351 2605 ansi
374 2552 443 2605 sunt
464 2544 593 2614 llnitimi,
621 2551 763 2622 ‹prantmn
785 2543 814 2601 iu
838 2543 894 2601 rita
923 2542 1091 2601 timuerant.
1134 2542 1213 2603 llerit
1239 2551 1381 2619 practerea
1410 2544 1491 2607 illum
1514 2549 1587 2609 Ger·

289 2648 402 2715 amnia,
431 2644 569 2707 luxerunt
591 2645 750 2724 Hispaniae,
784 2643 1045 2721 Burgundionibus
1066 2662 1135 2722 spes
1156 2662 1208 2704 sua
1236 2645 1395 2713 intercidit,
1431 2648 1588 2713 l¹annouiae
1663 2725 1670 2737 .

252 2748 379 2812 sedeam
407 2756 599 2809 accusarunt:
627 2746 755 2807 babebat.
785 2765 912 2824 uanique
940 2764 1044 2806 omnes
1065 2764 1249 2807 sirmmorum
1273 2749 1438 2827 principum
1466 2754 1589 2815 virtutes

289 2858 509 2919 etrnsommate,
532 2850 686 2918 iustitiam,
709 2847 929 2917 liberalitatem,
952 2849 1194 2925 temperantiam,
1218 2849 1418 2911 tortitudinem
1442 2872 1476 2912 ac
1498 2873 1587 2935 supra

289 2960 405 3014 aetem
429 2951 624 3031 prudentiam.
668 2951 774 3012 deindo
796 2959 891 3011 tarrtars
913 2951 969 3011 iarn
993 2968 1041 3011 res
1064 2969 1168 3030 gerere
1197 2960 1340 3030 creperet,
1370 2961 1402 3014 ut
1430 2956 1501 3016 nibil
1522 2938 1587 3017 ‘non

289 3073 411 3133 sperare
432 3054 471 3115 de
493 3052 541 3113 illo
562 3054 627 3114 ausi
656 3055 713 3114 sint
740 3055 759 3114 ii
786 3051 887 3131 populi
914 3053 1021 3131 quibus
1050 3055 1174 3132 prarluit.
1219 3054 1284 3114 Noli
1313 3063 1342 3115 te
1372 3056 1416 3115 bis
1438 3057 1586 3130 Romanis,
1597 3045 1658 3121 lda-

290 3139 401 3218 Grecis
423 3175 458 3218 ao
481 3155 578 3216 Persis
599 3157 705 3234 partlm
733 3156 859 3216 foeminis
887 3156 1073 3225 inferiorem,
1107 3157 1240 3216 fortunas
1267 3175 1338 3216 vero
1366 3166 1433 3218 tuas
1459 3160 1505 3220 bis
1527 3162 1588 3222 Cre·
1669 3203 1680 3220 .

255 3285 281 3326 a
291 3260 415 3320 surianis
430 3258 599 3336 superiores
614 3265 726 3335 putare.
762 3256 834 3318 nibil
849 3265 878 3317 te
893 3257 1045 3335 iudignum
1061 3276 1182 3318 censore
1198 3257 1298 3326 (lebes,
1321 3260 1400 3337 quod
1422 3259 1471 3322 ille
1487 3264 1589 3325 mundi

291 3361 430 3422 dominus
450 3377 536 3438 aequo
557 3360 654 3419 auimo
677 3359 750 3420 tulit.
784 3359 913 3429 Quodsi
936 3377 1025 3437 quam
1048 3360 1077 3418 iu
1098 3358 1208 3420 ultione
1231 3360 1318 3421 buius
1340 3364 1488 3439 parricidii
1506 3367 1658 3444 cupi-§.tt

228 3459 234 3474 ”
291 3463 413 3523 ditatem
436 3462 573 3540 posuisti,
605 3461 712 3522 dubius
734 3481 798 3522 osse
821 3460 850 3520 iu
877 3479 929 3539 spe
956 3469 1055 3539 potes,
1084 3462 1194 3521 trac-tus
1223 3463 1342 3522 urirrime
1371 3464 1476 3525 debes:
1509 3468 1590 3529 vides

291 3583 357 3643 qun
379 3563 416 3624 ad
440 3571 540 3624 rotum
562 3569 630 3622 sunt
651 3570 734 3624 tuum
757 3572 858 3641 parata
881 3564 988 3633 oruuia,
1012 3582 1108 3641 opem,
1132 3562 1280 3630 auxilium,
1303 3583 1453 3627 armorum
1475 3577 1504 3628 et
1519 3589 1589 3630 con·

291 3665 425 3728 siliorum
440 3665 594 3734 lldoeiam;
618 3666 786 3746 couiurasse
800 3666 954 3726 nobiseum
970 3673 1079 3725 tantam
1097 3668 1230 3744 eqrritum
1243 3665 1473 3738 multitudinem,
1496 3690 1589 3749 quan·

258 3773 353 3835 setam
375 3769 406 3828 in
428 3765 488 3828 ullo
517 3785 645 3845 uuquam
672 3785 773 3827 rerum
801 3776 882 3828 motu
905 3769 1062 3828 Germania
1091 3768 1167 3828 ridit.
1212 3777 1256 3828 tot
1285 3778 1428 3847 praeterea
1457 3774 1588 3843 comites,

291 3869 399 3931 deinde
420 3868 531 3947 aliquot
553 3870 639 3928 etiam
662 3869 809 3947 principes
831 3868 951 3948 polliciti
974 3869 1052 3930 ultro
1073 3870 1159 3930 nobis
1180 3878 1249 3931 sunt
1270 3890 1335 3949 qum
1364 3874 1485 3950 possint.
1530 3875 1587 3936 Sed
1599 3881 1659 3932 §.ta

292 3989 347 4032 rrrrs
369 3979 472 4050 optare
494 3969 637 4046 debemus
658 3971 792 4040 minime,
821 3978 853 4031 ut
874 3971 910 4031 ad
933 3990 1016 4031 arum
1038 3991 1087 4032 res
1108 3973 1275 4049 perveniat;
1304 3992 1370 4051 quan
1398 3983 1496 4035 tamen
1519 3994 1587 4054 pro-

292 4073 353 4133 uisa
375 4089 440 4134 esse
462 4070 533 4132 nibil
554 4072 690 4150 impedit,
724 4073 962 4151 ‹priaruloquidem
992 4073 1029 4133 ad
1052 4083 1172 4135 externa
1202 4076 1255 4135 iste
1283 4076 1388 4134 arixilia
1416 4078 1521 4152 lortarr¹
1536 4077 1586 4138 ad
1673 4139 1676 4144 Δ

291 4175 421 4252 spirare:
443 4181 474 4234 et
494 4174 577 4252 prius
599 4175 696 4234 omnia
719 4183 833 4235 certum
856 4184 900 4235 est
923 4176 1065 4253 experiri,
1094 4194 1181 4255 quam
1212 4178 1320 4236 nostris
1342 4179 1431 4236 aruris
1453 4177 1590 4238 turbetur

255 4276 465 4340 adomnia:
487 4274 564 4336 bona
586 4275 684 4354 itaque
705 4293 774 4354 spes
796 4284 841 4336 est
863 4286 1074 4338 consecuturos
1096 4279 1193 4337 ornnia
1216 4295 1270 4336 nos
1293 4295 1326 4336 oa
1349 4296 1414 4354 epm
1444 4279 1508 4337 iure
1537 4279 1589 4340 de·

290 4377 416 4448 batur,
449 4383 479 4438 et
497 4378 587 4438 istum
609 4377 672 4439 sine
693 4385 794 4438 nomro
816 4379 964 4457 periculo,
997 4381 1061 4438 sine
1089 4379 1207 4457 publico
1235 4378 1361 4439 tumultu
1400 4397 1474 4458 qrras
1501 4380 1590 4442 debet

290 4497 393 4560 pannas
414 4478 500 4540 nobis
522 4480 675 4550 daturum,
709 4498 777 4541 cum
806 4482 873 4561 quia
901 4483 1005 4558 urgens
1027 4489 1056 4540 ot
1078 4482 1141 4541 siue
1163 4479 1298 4558 exeruplo
1326 4488 1370 4540 est
1396 4481 1454 4541 boo
1481 4481 1587 4554 scelus,

290 4590 353 4644 turn
368 4599 440 4644 vero
454 4581 543 4660 quod,
567 4583 622 4642 nisi
644 4583 792 4660 puniatur,
814 4584 968 4644 timor-est
991 4584 1089 4643 omnia
1112 4599 1215 4643 omncs
1237 4601 1371 4643 ausorros.
1414 4583 1500 4645 Certo
1522 4583 1657 4646 tulisset

290 4692 335 4746 est
356 4683 471 4752 Caesar,
494 4685 544 4764 qul
565 4683 642 4746 hano
663 4683 701 4745 de
723 4704 755 4746 se
777 4686 929 4746 bominum
952 4686 1120 4763 opinionem
1141 4701 1201 4744 non
1230 4684 1361 4755 (teserem
1390 4686 1530 4747 recedere
1552 4687 1589 4747 ab

355 4885 680 4956 'ponemlaffersmstt
727 4889 929 4941 ''etorn.A.2.
966 4886 1025 4956 illo]
1038 4892 1118 4940 arraltm
1131 4889 1179 4940 ille
1219 4889 1240 4922 ¹¹
1255 4895 1415 4941 consumate
1427 4891 1453 4939 2.
1488 4884 1589 4952 ”lertl

287 4967 417 5027 tenta!
452 4977 606 5040 unquam&
640 4973 718 5042 ¹⁸et]
739 4977 859 5027 aem.
903 4976 1068 5028 ”fidutiam
1082 4979 1115 5026 A.

1408 5038 1517 5102 4¹²·
