3917 5950
356 673 360 683 -
394 710 401 721 ·
423 627 496 701 434
569 641 676 691 CCVII.
697 657 779 692 oneri
794 655 911 692 avv'nraui
925 657 961 692 aa
975 656 1122 694 usnrrsvu
1135 658 1285 695 nvruenvu
1298 658 1340 694 se.
1355 660 1381 695 n.
1396 656 1415 696 a.
1430 660 1492 698 nec.
1509 652 1567 696 mn

422 824 493 879 uiam
516 820 629 876 subiecti
650 819 780 874 homines.
824 815 978 871 henovatur
1006 817 1070 871 mihi
1098 818 1226 872 memoria
1252 827 1328 873 vetus
1357 819 1390 874 ile
1416 821 1550 893 tragoeilia
1583 821 1718 876 reverendi

367 906 585 980 unliapnionis,
613 904 690 959 cuius
716 919 805 956 arirruio
832 901 923 973 spacio
944 910 1082 974 spectator
1105 902 1152 956 lui.
1196 901 1229 957 Et
1250 901 1343 974 lingua
1364 912 1391 958 et
1412 903 1532 960 calamus
1552 905 1676 966 deliciet,
1698 906 1717 959 si

420 991 499 1047 velim
530 1005 671 1044 recensere
699 984 890 1056 theologorum
917 985 1062 1047 insaniam,
1097 1003 1212 1059 quorum
1240 987 1351 1042 allectus
1382 988 1469 1043 inveni
1499 988 1717 1045 muliercularum

420 1073 671 1151 pertiulnitiouibus
689 1071 856 1141 agitationes.
901 1070 921 1123 o
944 1070 966 1123 si
989 1087 1050 1125 cum
1074 1087 1123 1125 suo
1146 1071 1259 1126 artihcio
1281 1073 1420 1144 pruilirent
1442 1074 1551 1129 obscuri
1575 1075 1642 1133 riri.
1668 1093 1718 1148 quo

419 1178 469 1234 pro
493 1159 589 1214 merito
618 1175 668 1211 suo
697 1154 901 1210 illustrarentur
925 1154 1014 1209 ileuuo
1044 1154 1207 1210 tenebricosi
1236 1164 1341 1229 patres.
1375 1159 1419 1231 qui
1448 1158 1528 1214 aliter
1555 1174 1606 1215 uec
1629 1159 1739 1213 inituris

422 1263 471 1300 nec
493 1250 609 1317 possunt
633 1239 764 1295 illustrari
787 1256 866 1312 quam
889 1257 936 1294 sua
959 1238 1035 1300 luce,
1057 1238 1108 1295 hoc
1125 1248 1181 1301 est,
1201 1258 1281 1313 quam
1303 1242 1449 1315 capiunt'a
1472 1261 1522 1300 suo
1545 1244 1625 1300 crele.
1672 1243 1720 1298 Sul

364 1327 568 1403 §.aproilihunt
587 1343 676 1399 spero.
721 1323 779 1378 h'on
802 1331 906 1378 tautum
928 1332 1074 1396 peccarunt
1096 1323 1288 1386 lovanienses,
1309 1328 1436 1398 quoniam
1459 1329 1587 1401 quicquhl
1614 1328 1720 1383 illorum

421 1413 532 1468 insanie
551 1419 594 1466 cst
617 1412 653 1481 iu,
668 1409 719 1464 hoc
742 1407 853 1469 bulleio,
887 1408 911 1462 iil
936 1426 950 1462 a
976 1407 1182 1464 Coloniensibus
1205 1428 1234 1464 ac
1259 1410 1292 1465 ah
1313 1410 1476 1469 lloehstrato
1497 1412 1605 1468 initium
1626 1414 1719 1485 erepit:

421 1497 466 1553 ille
488 1514 542 1551 non
570 1497 691 1568 quiescet
713 1493 798 1547 ilonec
820 1492 917 1548 misera
941 1492 1028 1553 anima
1052 1493 1207 1566 inpendite
1230 1512 1346 1568 corpere
1373 1495 1528 1552 luctabitur.
1574 1497 1720 1552 Loranieu·

281 1590 307 1602 ··
365 1584 490 1641 §.osium
513 1575 591 1636 error
619 1580 644 1633 iu
671 1577 764 1633 multis
783 1577 885 1631 veniam
906 1577 1011 1632 videtur
1034 1577 1141 1632 habere.
1186 1578 1362 1634 Colonicnses
1386 1582 1418 1636 ile
1443 1582 1577 1636 industria
1599 1589 1750 1655 peccantia

420 1683 536 1742 quorum
559 1663 707 1720 sceleratus
729 1663 783 1717 elim
805 1678 893 1734 nuper
916 1662 1043 1734 periisset
1066 1661 1156 1733 glailio
1178 1662 1295 1719 llutheni
1314 1681 1368 1719 non
1387 1665 1482 1738 procul
1504 1684 1518 1720 a
1540 1667 1674 1727 Lovauio.
1696 1667 1720 1720 ni

420 1752 558 1823 indiguam
588 1748 638 1803 sibi
669 1755 793 1820 putasset
817 1745 1032 1802 llachstraticam
1057 1756 1171 1802 irrortem
1202 1748 1329 1820 generosi
1357 1750 1438 1805 animi
1468 1751 1587 1807 iuvenis:
1621 1751 1721 1806 ‹liruisit

421 1835 557 1909 trepiilum
580 1832 766 1904 sanguineque
785 1839 930 1887 carentem.
975 1830 1026 1885 Seil
1048 1831 1129 1886 lirinis
1150 1832 1272 1888 maximis
1295 1833 1322 1887 iu
1346 1842 1370 1890 te
1393 1843 1421 1890 et
1442 1835 1612 1908 llapnioneui
1636 1843 1721 1893 cesset

350 1933 369 1982 ς.
379 1934 410 1977 ie.
421 1918 595 1995 perturbare:
627 1916 673 1971 secl
696 1916 783 1971 nescit
809 1914 889 1971 hucin
917 1915 1002 1970 luror.
1047 1915 1144 1971 llultas
1170 1925 1265 1990 postea
1296 1918 1405 1974 technas
1435 1921 1534 1977 struxit
1563 1918 1719 1979 sceleratus

419 2023 486 2080 quas
509 2003 619 2076 longum
642 2002 714 2056 leret
736 2017 860 2055 narrare:
896 2009 1002 2073 teinpus
1024 1999 1165 2062 iinlicabit.
1190 2001 1235 2056 ubi
1259 2002 1374 2058 vinilicta
1397 2013 1504 2077 srirripta
1528 2006 1614 2060 luerit
1640 2023 1654 2059 a
1681 2022 1750 2064 seu

417 2090 518 2148 ilitioso
537 2096 622 2162 patre.
667 2085 741 2141 Seilit
763 2102 867 2140 mecum
886 2083 978 2139 Vublie
995 2082 1017 2136 V
1036 2085 1107 2147 ilios,
1130 2103 1232 2158 paitcos
1250 2096 1314 2161 pest
1335 2088 1393 2143 ilics
1410 2089 1457 2145 ubi
1478 2106 1539 2144 euru
1557 2089 1720 2144 llochstrate

418 2175 505 2230 luerat
529 2188 702 2244 congressus.
748 2168 849 2225 Vellem
871 2169 954 2224 scires
980 2177 1054 2224 artes
1081 2171 1314 2227 sanctissimorum
1342 2181 1464 2245 patrum.
1494 2183 1550 2229 tum
1582 2173 1609 2228 in
1638 2172 1718 2234 ltalia,

417 2269 478 2315 term
500 2258 526 2312 in
550 2256 704 2315 Germania.
728 2254 855 2328 queniam
878 2262 906 2309 et
927 2253 954 2308 iu
977 2253 1045 2310 hanc
1067 2255 1148 2310 llema
1171 2256 1309 2327 migravit:
1338 2258 1461 2314 Scribere
1478 2275 1532 2313 non
1558 2257 1635 2314 lieet:
1666 2268 1719 2312 tan·

348 2356 368 2405 u.
379 2353 477 2400 intrim
496 2351 552 2403 est,
575 2340 678 2396 insidiae.
701 2356 805 2411 magnae
821 2347 886 2393 sunt
903 2337 1012 2412 ubique.
1049 2338 1175 2394 Lusimus
1194 2341 1315 2413 quedam
1333 2342 1366 2396 dc
1378 2342 1491 2398 Braehio
1506 2343 1611 2398 «lumini
1627 2351 1718 2398 cantra

420 2427 561 2484 Brachium
584 2425 718 2485 seculare.
743 2423 814 2497 quael
837 2423 963 2479 invocant
982 2423 1029 2496 qui
1051 2423 1087 2478 nil
1112 2424 1223 2497 impium
1243 2440 1298 2481 neu
1319 2426 1450 2483 invocant.
1491 2428 1543 2483 Seil
1567 2445 1623 2501 que
1646 2426 1749 2485 laborat

419 2513 465 2588 qui
483 2509 571 2567 brevis
593 2527 654 2566 esse
672 2508 763 2565 veliti?
786 2507 813 2562 iu
835 2507 1002 2564 centrarium
1023 2507 1116 2563 vitium
1137 2509 1245 2583 rapior:
1268 2510 1301 2566 ila
1316 2511 1435 2573 veniam,
1450 2510 1578 2574 llartine.
1600 2512 1719 2588 pontifex

418 2595 602 2654 sanctissime.
631 2611 707 2649 amor
729 2593 756 2648 iu
780 2602 806 2648 te
829 2610 905 2648 uictis
928 2592 993 2646 lecit
1014 2610 1056 2647 me
1079 2591 1233 2666 loquacem.
1263 2603 1290 2649 et
1309 2603 1414 2668 partem
1442 2597 1574 2669 temperis
1598 2594 1717 2652 abstulit.

419 2681 495 2749 (liiiiil
517 2678 589 2733 volui
612 2697 672 2734 cuin
694 2678 853 2734 «lectissimo
874 2675 1000 2750 Philippo
1024 2678 1235 2740 cunummieare‚
1259 2677 1305 2734 illc
1322 2697 1364 2736 irre
1379 2680 1536 2755 provocarit
1551 2681 1629 2736 valde
1643 2682 1718 2736 electa

360 2795 363 2801 ·
417 2764 533 2840 epistola
555 2764 586 2818 ael
609 2762 826 2823 rescribendum,
853 2778 1006 2835 quanquam
1030 2762 1104 2817 tarile
1127 2761 1239 2817 reihlita.
1283 2763 1348 2819 Nam
1377 2765 1440 2820 ilum
1468 2782 1510 2822 me
1540 2766 1643 2840 quarit
1669 2782 1718 2820 uua

349 2863 478 2912 §.tecum
498 2859 542 2905 tua
561 2849 588 2902 in
604 2847 691 2909 ltalia.
715 2856 778 2921 past
799 2855 930 2902 semestre
951 2846 1068 2920 spatium
1088 2864 1129 2902 me
1149 2847 1250 2903 invenit
1268 2857 1404 2905 errantem
1423 2850 1451 2905 in
1466 2850 1619 2906 Germania.
1658 2849 1746 2908 tuiis

418 2935 489 2992 enim
518 2933 582 2989 mihi
612 2934 634 2989 is
665 2950 752 2988 aunrrs
782 2930 1061 2994 inconstantissinms‚
1099 2939 1154 2988 tmn
1182 2933 1207 2987 in
1235 2932 1324 2997 ltalia,
1354 2944 1410 2990 tum
1437 2936 1464 2990 in
1487 2934 1645 2998 Germania:
1674 2933 1715 2989 ubi

419 3020 542 3095 inprimis
562 3018 634 3073 volui
657 3019 810 3091 quiescere,
834 3016 958 3089 inprimis
982 3026 1039 3072 erat
1062 3017 1303 3089 peregrinandum,
1331 3020 1404 3093 queil
1429 3019 1591 3077 hisdiebus
1615 3020 1715 3080 accidit,

417 3104 634 3179 quaniloquiilem
661 3120 721 3157 cum
747 3119 837 3175 nuper
864 3117 951 3156 esseni
974 3100 1001 3155 iu
1024 3101 1121 3156 itinere
1143 3102 1175 3156 ail
1197 3102 1332 3159 llubianos
1355 3121 1442 3167 meos.
1473 3104 1585 3161 substiti
1608 3106 1653 3161 bic
1674 3104 1716 3159 Er-

418 3190 513 3245 luuliae
535 3189 606 3262 apuil
624 3196 730 3242 veteres
748 3186 857 3250 auricus.
893 3185 1006 3240 Biilumu
1028 3202 1082 3241 uon
1100 3185 1178 3246 abiit.
1202 3187 1239 3241 ibi
1260 3188 1297 3243 nil
1318 3187 1370 3245 talc
1389 3190 1510 3263 opinanti
1527 3191 1716 3262 praefecturam

419 3274 574 3330 scholastici
598 3272 701 3328 orilinis
722 3271 925 3327 demandarunt.
971 3269 1112 3330 lleeusavi.
1135 3271 1183 3326 scil
1206 3289 1333 3328 recusans
1356 3273 1392 3328 ob
1413 3274 1590 3346 ignominiam
1609 3282 1747 3332 coaetussa

419 3377 478 3414 suni
507 3359 612 3413 subire:
647 3356 731 3429 igitur
755 3365 849 3411 curura
876 3354 997 3410 officinm
1025 3355 1129 3429 prariili
1159 3356 1245 3429 patris
1277 3357 1403 3419 [aurilias.
1434 3358 1557 3432 propriis
1586 3358 1717 3432 neglectis

418 3442 503 3497 aliena
532 3460 611 3502 curo,
642 3442 668 3496 in
693 3440 831 3515 republica
859 3440 1060 3502 studiosorum,
1090 3456 1169 3513 quam
1192 3439 1285 3496 Eccius
1311 3451 1373 3497 tuus
1401 3452 1516 3498 conatur
1546 3444 1715 3516 perturbare.

350 3527 473 3589 §.ta.Scil
497 3526 649 3599 l‘hilippum
675 3525 805 3581 salutabis
828 3534 985 3580 reverenter
1006 3532 1102 3580 nostro
1128 3525 1236 3580 nomine
1260 3526 1417 3600 veniamque
1440 3527 1519 3583 nobis
1543 3528 1577 3583 ab
1600 3528 1647 3584 illo
1672 3529 1716 3583 im·

419 3610 552 3685 petrolus,
577 3611 598 3663 si
621 3609 752 3670 breviter,
772 3619 816 3665 aut
842 3608 915 3663 nulla
938 3609 1096 3665 scribemus.
1126 3610 1245 3688 vllsqrem
1263 3611 1353 3671 eluxit.
1374 3612 1496 3667 lortunet
1511 3613 1581 3670 aeus
1605 3613 1715 3669 satietis·

417 3696 512 3749 sinnam
534 3695 705 3755 serietatem.
729 3704 758 3749 ut
776 3695 864 3749 vulcat
882 3694 977 3750 heatus
997 3705 1075 3768 pater
1091 3693 1207 3749 filiorum
1229 3712 1339 3751 sinerum
1358 3695 1384 3749 in
1402 3696 1516 3753 circuitu
1534 3715 1637 3753 mcnsm
1653 3716 1744 3757 stiae-sa

349 3782 482 3843 §.rutham
505 3779 622 3834 blotiano
643 3780 694 3834 iarn
716 3795 801 3834 annis
821 3778 927 3852 aliquot
948 3780 1096 3839 contemto,
1120 3768 1308 3853 contemptore
1324 3781 1444 3853 coniugii
1464 3791 1492 3837 et
1513 3800 1642 3855 praecone
1658 3784 1714 3836 avitae

417 3863 641 3925 sacrificulorum,
666 3881 717 3936 ego
736 3874 843 3924 contra.
866 3865 1023 3937 coniugium
1043 3865 1170 3937 praeiere,
1215 3864 1306 3938 itaque
1331 3865 1376 3938 qui
1398 3882 1486 3921 meum
1508 3866 1655 3923 consilium
1677 3884 1714 3920 se·

417 3959 551 4023 quuntur,
568 3966 666 4005 uxores
684 3948 735 4003 sibi
749 3946 892 4004 collocant.
922 3949 1084 4023 llaptissime
1098 3947 1230 4005 Erluriliae
1247 3948 1440 4024 in'pcrvigiliis
1452 3950 1569 4013 llicelai.
1587 3951 1712 4006 ttumt

418 4116 622 4125 --—-——-

485 4215 506 4248 ¹²
525 4217 561 4265 ci.
581 4216 670 4266 locuni
690 4231 722 4265 ex
740 4215 910 4265 Hochstrato
928 4220 1030 4265 ovante
1052 4214 1145 4280 perillo
1164 4216 1239 4267 inira
1255 4234 1280 4283 p.
1289 4217 1347 4268 l-ll.
1369 4219 1530 4270 exhibitum.
1598 4219 1618 4253 ¹⁸
1636 4222 1710 4270 malim

417 4307 572 4363 carentem,
593 4301 640 4350 secl
653 4317 687 4350 ni.
702 4318 751 4364 nn,
771 4303 799 4350 ni
813 4306 841 4349 te
889 4300 909 4332 ¹⁹
927 4302 1057 4350 hosimus
1070 4299 1205 4367 iltrudem]
1226 4303 1261 4351 cf.
1276 4318 1334 4368 seq.
1347 4304 1464 4354 Hutteni
1479 4305 1626 4370 epistolam
1645 4308 1660 4366 ξ
1675 4305 1711 4353 1⁶2.

415 4384 438 4416 '⁸
456 4386 597 4435 llnhianns
611 4383 695 4450 meos]
714 4387 732 4435 i.
747 4402 771 4435 e.
784 4385 1026 4436 Dombeimenses.
1073 4383 1126 4417 ²²³⁰
1143 4386 1269 4451 praescct.
1283 4388 1369 4438 schol.
1382 4387 1450 4454 erd.]
1470 4397 1641 4440 rectoratum
1656 4391 1710 4439 nni·

416 4471 560 4519 versitatis
579 4471 660 4519 hodie
678 4476 789 4521 vocant.
849 4469 871 4501 ³¹·
889 4475 919 4518 ut
937 4470 1032 4521 videat
1044 4469 1086 4536 tc]
1107 4472 1149 4521 Cf.
1164 4471 1264 4521 Psalm.
1274 4472 1409 4523 CXXVII.
1417 4473 1441 4523 3.
