3917 5950
402 620 473 690 ¹00
588 633 673 683 XXX·
691 648 815 684 DOCVH·
828 649 864 682 DE
877 647 935 682 ῙΟΑ.
948 649 1031 685 lives.
1046 649 1103 684 INT.
1132 642 1164 684 ¹³.
1179 650 1253 684 LEIB.
1266 650 1370 685 Aaou.
1383 651 1421 685 An
1433 651 1460 686 Δ.
1475 645 1534 686 1516.

834 870 935 921 ANNO
959 870 1102 922 DOMINI
1123 872 1261 924 MDXVI.

487 963 595 1017 Sabino
617 961 739 1016 illustris
753 959 952 1015 Marirniliuni
967 959 1093 1018 eoesaris
1114 977 1154 1017 ex
1175 977 1276 1018 sorore
1298 963 1406 1033 neptis,
1431 964 1543 1020 Alberli
1557 965 1694 1019 Baz’arioe

398 1051 480 1106 ducis
492 1049 568 1118 filia,
590 1046 682 1101 Utrici
694 1046 776 1100 aneis
798 1046 1010 1118 Wirtemberqii
1022 1049 1145 1114 coniux,
1161 1064 1226 1102 eum
1242 1048 1277 1103 ab
1291 1049 1354 1118 ipso
1368 1062 1443 1104 scene
1458 1051 1575 1105 nimium
1592 1057 1692 1106 eontra

394 1137 446 1207 pia
461 1132 587 1203 coniuqii
600 1132 667 1187 iura
682 1137 841 1202 contraque
856 1134 995 1187 natalium
1010 1149 1128 1189 snorum
1143 1134 1308 1205 eliqrritatem
1330 1139 1526 1203 tractaretur,
1549 1134 1691 1190 Ianuario

397 1233 492 1275 mense
514 1218 554 1271 ael
575 1223 694 1272 matrem
718 1214 900 1271 lllonaeleium
923 1219 1024 1285 rediit,
1052 1225 1138 1274 aenea
1167 1219 1235 1273 eluci
1252 1218 1345 1289 filium
1365 1220 1513 1291 filiamque
1539 1228 1723 1291 munerato

401 1346 509 1361 ......
533 1302 711 1357 Frensciscus
733 1318 750 1353 a
767 1300 921 1373 Siclcinqen
942 1301 1028 1358 Innio
1049 1318 1145 1358 meuse
1166 1320 1231 1358 cum
1252 1319 1309 1358 uon
1328 1320 1425 1374 parva
1445 1307 1582 1377 Equitum
1606 1322 1692 1358 rauna

396 1394 459 1447 loca
481 1389 613 1459 quiedam
635 1387 716 1441 atreis
738 1385 932 1458 Lotbarinqioe
960 1390 1080 1444 adortus
1107 1402 1290 1459 oppuqnare,
1324 1404 1421 1444 arcem
1450 1407 1538 1445 unam
1565 1391 1692 1444 obtinuit.

396 1475 618 1531 Marimilianas
640 1470 738 1526 Coesar
760 1470 920 1543 Septembri
947 1488 1044 1528 niense
1066 1474 1223 1544 Auqastam
1251 1475 1394 1529 accessit·
1427 1472 1626 1531 Convenerunt
1656 1476 1694 1530 aa

296 1562 298 1566 ’
395 1562 475 1617 illam
495 1561 597 1630 plnres
618 1557 771 1627 Episcopi,
808 1557 973 1613 Willeelmus
995 1573 1107 1630 quoque
1130 1558 1266 1613 Bararioe
1287 1560 1350 1614 elue
1377 1561 1542 1616 adolescens
1569 1567 1598 1614 et
1615 1560 1692 1614 Casi-

397 1648 489 1701 mirns
510 1643 642 1701 Marcbio
664 1658 699 1695 ac
718 1643 850 1712 plerique
872 1643 930 1696 alii.
976 1643 1160 1714 Cuneqnndis
1182 1643 1306 1698 Coesaris
1325 1659 1411 1701 soror
1431 1662 1496 1700 cnm
1517 1646 1590 1700 duce
1621 1645 1726 1699 ll'il-to

396 1732 488 1787 belino
507 1730 568 1799 filio
589 1726 791 1795 interpellabat
806 1724 958 1806 bsa‘sarem.
1003 1727 1063 1784 Iste
1081 1744 1139 1799 pro
1154 1742 1269 1795 sorore,
1291 1729 1341 1785 illa
1353 1747 1410 1800 pro
1422 1731 1499 1800 filia,
1522 1735 1693 1795 accusantes

403 1816 494 1872 l'lriei
520 1814 602 1867 discis
631 1811 844 1881 ll'irtemberqii-
866 1813 1016 1879 seruitium,
1046 1814 1123 1883 quoel
1150 1812 1285 1867 Sabineun
1313 1817 1459 1886 coniuqem
1486 1814 1692 1879 inhumaniter,

396 1901 554 1956 crudeliter
576 1913 611 1951 ae
632 1897 745 1951 clariter
766 1896 913 1964 balneent,
937 1905 964 1951 et
986 1899 1019 1953 ob
1041 1899 1072 1952 iel
1093 1899 1233 1962 adsersus
1254 1899 1332 1953 illam
1353 1901 1526 1969 expetebant
1540 1902 1615 1954 iuris
1629 1897 1691 1970 sas-

395 1986 505 2059 [παππία.
577 1982 738 2037 Luelovieus
760 1983 795 2036 ab
818 1980 928 2036 Hutten
950 1985 1031 2038 miles
1052 1990 1176 2038 oneratus
1203 1988 1230 2037 el
1258 1984 1319 2054 ipse
1354 1985 1564 2054 il'irtemberqii
1591 1986 1689 2039 altorem

397 2070 527 2126 criminis
549 2067 719 2133 accusabat,
744 2067 821 2137 quod
836 2067 972 2121 loannem
989 2070 1024 2123 ab
1040 2066 1148 2122 Ilutten
1162 2068 1269 2139 filium,
1294 2070 1384 2125 virum
1399 2071 1565 2136 innoxium,
1588 2076 1724 2127 contram

395 2156 446 2229 fos
468 2169 549 2210 omne
571 2155 672 2223 iusque
694 2153 851 2207 crteaeliter
873 2158 960 2222 atque
982 2155 1134 2224 tyrannice
1154 2153 1335 2223 iaqaiaaeru.
1380 2154 1477 2210 Huius
1498 2162 1556 2209 tum
1586 2155 1692 2208 atrocis

394 2239 470 2313 sacti
491 2239 685 2307 borrenelique
713 2238 831 2291 sceleris
856 2238 976 2292 iudicem
1001 2238 1142 2294 Cesaram
1165 2238 1326 2294 Ludooieus
1353 2240 1516 2312 irrequietis
1537 2241 1639 2310 pulsat
1666 2245 1693 2291 et

397 2327 523 2381 delassat
546 2324 673 2390 vocibus,
703 2310 735 2375 iet
757 2323 890 2376 ultionem
912 2323 946 2376 de
974 2323 1125 2419 leomieielq
1145 2328 1263 2378 statuat.
1307 2323 1403 2379 Erant
1430 2332 1498 2380 turre
1525 2326 1554 2380 in
1582 2324 1692 2379 stativis

397 2412 478 2482 opica
499 2409 692 2477 ll'ennlinqam
716 2407 790 2459 inille
813 2421 848 2458 eie
869 2407 986 2461 (lucenti
1005 2410 1114 2477 equites
1128 2408 1168 2462 ciel
1181 2415 1280 2463 uuteem
1297 2408 1420 2464 Censoris
1435 2417 1536 2465 eontra
1559 2410 1690 2465 li'irtern-

397 2497 523 2566 berqium
544 2510 601 2563 pro
624 2491 731 2545 Sabinu
755 2496 839 2561 nepte
862 2489 986 2546 Ceasaris
1007 2507 1122 2574 proque
1145 2493 1288 2549 Lndooico
1311 2497 1474 2566 puqnaturi
1500 2497 1726 2565 exacturiqueoo

398 2581 560 2637 vindictam.
606 2578 641 2630 alt
664 2575 764 2630 Gallus
786 2577 989 2632 remorabatur
1010 2593 1062 2633 suo
1085 2579 1245 2634 interventu
1263 2581 1427 2651 principes,
1455 2580 1536 2635 baud
1556 2582 1628 2635 satis
1649 2581 1691 2633 iu·

396 2672 471 2721 stum
494 2664 554 2718 rnti
569 2676 734 2733 parurnqne
758 2660 933 2716 Christicolis
953 2663 1121 2731 convenire,
1144 2670 1176 2718 ut
1194 2680 1251 2734 pro
1271 2666 1356 2720 tertius
1370 2664 1471 2720 delicto
1481 2666 1619 2735 plurimi,
1643 2668 1692 2717 ant

394 2768 452 2822 pro
472 2748 615 2819 principis
637 2763 672 2800 ac
694 2748 776 2801 ducis
795 2744 930 2817 facinore
955 2748 1106 2818 prouincia
1134 2754 1192 2803 toto
1219 2755 1348 2805 vastetur
1368 2755 1396 2804 et
1421 2765 1492 2821 qens
1518 2751 1610 2805 omnis
1635 2751 1692 2804 ‹lis-

393 2839 507 2907 pereat.
551 2832 642 2887 lilaito
664 2833 836 2887 destinatum
857 2838 899 2886 est
922 2833 1035 2901 labore,
1069 2835 1096 2887 si
1116 2848 1164 2888 res
1181 2840 1300 2905 possent
1328 2835 1402 2890 citra
1430 2835 1532 2890 bellum
1560 2834 1691 2904 transiqi.

398 2919 457 2978 Sea
477 2920 569 2974 oriaior
590 2921 655 2972 erut
676 2917 850 2972 ininriarnm
872 2918 1010 2972 innotesci
1028 2920 1149 2990 qraoius
1169 2918 1337 2991 offensionis
1356 2935 1477 2989 sarum,
1505 2937 1593 2992 quam
1615 2919 1725 2991 quoles

397 3008 442 3063 uel
458 3007 625 3077 principum
648 3005 765 3060 lacertis
793 3004 900 3058 moveri
925 3003 1072 3075 levarique
1098 3012 1204 3076 posset.
1242 3004 1325 3061 'Hinc
1352 3007 1416 3061 eluse
1444 3005 1559 3061 Vtricus
1586 3008 1692 3061 citatus

396 3099 587 3162 caecatusque
615 3096 673 3156 est,
702 3094 733 3144 nt
760 3090 841 3160 reperet
863 3087 1005 3144 Caesarem
1034 3104 1154 3144 causam
1180 3090 1289 3145 eliceret
1315 3096 1343 3145 et
1368 3093 1477 3147 elueret
1503 3092 1612 3146 obiecta
1634 3089 1691 3145 cri·

396 3179 483 3233 mina.
529 3176 600 3231 Dete
622 3176 699 3246 quael
718 3174 774 3229 sibi
793 3175 874 3229 bonel
894 3179 972 3229 tutus
1002 3175 1041 3229 ecel
1063 3173 1204 3229 Ca‘sarem
1232 3176 1379 3231 uideretur
1405 3177 1554 3243 accessus,
1588 3191 1691 3232 eausa·

396 3264 498 3319 batur..
536 3261 645 3315 Deinde
668 3259 836 3328 misilinris
856 3260 1031 3326 consultum,
1053 3261 1103 3314 eui
1122 3276 1277 3331 coquomen
1298 3260 1482 3332 Lamparter,
1504 3263 1555 3333 qui
1568 3262 1610 3316 illi
1628 3265 1692 3315 erat

397 3367 416 3403 a
438 3348 577 3412 consiliis,
601 3352 631 3399 ut
653 3359 772 3400 eausam
795 3344 898 3415 quibus
916 3351 1014 3414 posset
1036 3335 1150 3400 dicentii
1170 3346 1277 3401 viribus
1299 3352 1437 3402 tueretur.
1482 3344 1514 3401 Is
1538 3346 1614 3402 inter
1634 3345 1726 3408 alium

397 3449 462 3504 quea
482 3450 537 3502 pro
559 3431 631 3485 beree
653 3430 800 3500 expiando
822 3429 988 3491 obternlebat
1007 3430 1133 3500 plurimo
1156 3431 1308 3500 molimine,
1339 3423 1483 3488 Willeelmi
1501 3432 1584 3487 dicus
1598 3430 1691 3486 Koni-

396 3519 560 3590 9unelisqno
579 3516 681 3569 matris
708 3517 848 3570 aduersus
878 3514 1078 3587 Wirtemberqi
1100 3517 1264 3586 principem
1292 3518 1474 3588 supplicatus
1500 3522 1528 3571 ct
1557 3517 1693 3587 areleutes

398 3603 592 3674 querimonias
614 3588 715 3654 irritus
737 3607 764 3654 et
785 3614 905 3655 erreroes
926 3600 1071 3654 nitebatur
1093 3606 1241 3670 astruere,
1264 3605 1341 3672 quael
1360 3603 1407 3657 ille
1425 3617 1492 3673 prce
1505 3607 1604 3669 atate,
1628 3616 1692 3674 quoe

396 3689 439 3744 illi
461 3690 553 3742 mittor
574 3693 653 3751 erat,
676 3692 703 3740 et
725 3687 841 3740 discissa
864 3690 956 3738 oranter
974 3692 1098 3757 propter
1119 3700 1221 3741 sexum
1245 3688 1284 3743 ael
1302 3687 1466 3743 beeiusmoeli
1480 3688 1619 3742 actionem
1632 3702 1691 3764 pon

397 3779 492 3828 essent
513 3772 616 3828 telonei.
661 3770 719 3825 Sed
739 3770 831 3825 vicere
853 3785 951 3823 eornm
977 3787 1034 3841 pro
1055 3770 1180 3826 Ducissa
1201 3768 1310 3827 Sabina
1338 3774 1467 3844 querulos
1496 3787 1593 3839 mices,
1626 3772 1727 3826 vicitss

398 3859 535 3914 ludovici
555 3857 651 3911 rnititis
668 3872 726 3927 pro
744 3861 904 3925 perneeato
923 3855 985 3924 filio
1006 3858 1153 3911 luctuosus
1174 3857 1260 3912 simul
1284 3864 1313 3929 et
1339 3856 1503 3929 indefessas
1529 3858 1640 3912 cicinnos
1666 3862 1694 3910 et

396 3944 543 3998 instantia.
589 3940 661 3997 Hoec
689 3941 783 4011 iqitnr·
802 3945 905 3995 eontra
934 3938 1061 3998 l‘lricum
1092 3941 1293 4013 Wirtemberqi
1318 3944 1418 3998 dacem
1447 3942 1577 3999 Octobris
1605 3942 1692 3997 unae-

396 4030 470 4084 eima
492 4028 619 4089 elievlata
640 4028 770 4097 lectaque
792 4031 835 4080 est
855 4029 1013 4082 sententia.-

440 4115 475 4170 In
498 4115 574 4169 deren
597 4110 781 4167 Recbtlieleen
804 4109 951 4180 Irrnnqen
974 4114 1036 4168 iana
1057 4109 1195 4183 Spiinnen
1218 4111 1360 4168 zniselieu
1374 4112 1528 4184 Lneiroiqea
1549 4129 1602 4168 oon
1618 4111 1693 4168 Hat-

440 4210 486 4256 ten
510 4199 651 4270 ‹trellaqer
673 4214 710 4252 an
739 4197 846 4262 aierem,
881 4197 957 4251 auele
984 4199 1038 4253 der
1059 4198 1182 4253 Annulo
1202 4198 1326 4254 Framen
1350 4197 1457 4253 Sabina
1480 4197 1628 4269 Herzoqin
1657 4214 1729 4255 zato

447 4287 645 4356 Wiirtemberq
666 4285 781 4354 elaqere
803 4299 849 4336 am
872 4282 984 4337 (andern
1010 4283 1108 4350 Tuan,
1131 4283 1193 4337 unci
1207 4281 1324 4355 Herzoq
1343 4283 1477 4340 Utriclien
1498 4300 1536 4338 za
1559 4283 1693 4338 ll'iirtea·

439 4374 508 4444 berq
530 4376 688 4434 antnorter
710 4386 756 4423 eim
779 4368 886 4422 dritten
912 4367 996 4423 Tbail
1015 4368 1109 4424 baben
1130 4370 1184 4423 uir
1206 4369 1250 4423 uls
1264 4369 1411 4423 Ermeilter
1426 4367 1597 4423 Rbmisrleer
1612 4368 1693 4438 Kay-

440 4473 488 4513 ser
510 4458 572 4511 unel
592 4456 777 4527 reqiereneler
793 4452 963 4508 Rbrniscber
977 4453 1076 4526 Kuniq
1091 4454 1152 4510 tend
1172 4454 1251 4509 diser
1266 4452 1379 4509 Sacben
1395 4453 1590 4509 ordentlielner
1606 4452 1674 4508 Riel
1683 4483 1693 4491 ·

441 4549 485 4597 ter
507 4541 567 4613 aies
583 4544 628 4597 elie
650 4554 816 4612 ausqanqen
840 4541 900 4596 uriel
921 4539 1082 4596 verleeenten
1104 4539 1242 4612 Ladunqe
1263 4538 1485 4612 einqebracliten
1507 4538 1613 4609 anelaq
1635 4538 1696 4592 nuel

441 4627 542 4696 claqen
568 4620 774 4696 qerieletticben'
800 4624 949 4696 berueffen
978 4626 1040 4680 uriel
1065 4627 1116 4681 des
1144 4641 1197 4681 oon
1232 4624 1413 4696 il⁷irtenberq
1439 4626 1481 4679 rsit
1514 4623 1729 4694 erscbeiueu,m

441 4710 516 4763 anab
539 4709 686 4765 elerselben
708 4701 898 4781 anlelaqenten
922 4712 983 4772 πππππὶ
1003 4710 1156 4783 telaqenten
1171 4709 1337 4782 Portbeqeu
1360 4724 1463 4766 aerrer
1484 4710 1513 4763 in
1532 4707 1625 4764 neam
1643 4724 1693 4763 an·

442 4793 556 4863 rneffen
586 4795 645 4848 terta
671 4795 777 4866 beqern
805 4797 866 4849 πππππΙ
886 4796 997 4851 etiemcil
1017 4810 1051 4850 er
1072 4796 1152 4851 selbs
1169 4812 1222 4851 ron
1252 4794 1461 4866 ll'iirttemberq
1484 4794 1540 4849 alle
1562 4793 1695 4865 qietlicbe

442 4877 570 4934 zimliebe
592 4880 694 4946 mittcl,
720 4880 766 4933 elie
788 4880 842 4934 nir
863 4880 938 4936 ilime
960 4881 1013 4953 bey
1042 4880 1109 4937 acbt
1135 4880 1199 4936 nuti
1225 4880 1364 4936 uberacbt
1385 4878 1477 4951 In'rieq
1499 4880 1560 4934 unel
1585 4876 1695 4950 aufrar

442 4963 637 5022 zuberbietten
659 4975 834 5020 amnem
854 4965 1000 5038 qebotteu,
1028 4964 1238 5039 abqescbiapen
1258 4963 1448 5034 leat,·baben
1469 4965 1523 5019 nir
1543 4980 1581 5019 zu
1602 4962 1695 5018 llecbt
