3917 5950
413 626 425 696 Ῑ
440 625 484 694 14
528 638 652 688 XXXVI.
670 645 692 686 t.
705 651 768 686 zon.
782 651 864 685 aussi
877 649 1032 685 nassonem
1045 648 1174 684 mum„
1188 649 1225 682 m
1238 649 1361 684 nvrssus
1374 650 1465 683 emur.
1479 649 1594 684 iromus.

561 808 699 882 Lepinus
717 814 746 865 et
761 806 894 865 turbasse
908 820 1023 878 cornus,
1040 807 1175 880 posuisse
1190 807 1328 878 nitorem,

521 931 533 970 ⁴
633 910 694 967 Nec
712 923 829 981 pemmo
850 908 957 980 clipitos
977 911 1107 982 amptius
1126 924 1189 966 esse
1207 923 1333 979 proves:

562 1011 601 1069 In
617 1026 670 1068 nos
691 1010 828 1068 causaris
849 1010 990 1080 neptcctoe
1007 1011 1135 1068 crimino
1153 1009 1278 1081 sumre,

636 1112 675 1170 Et
694 1113 815 1168 nimium
835 1112 916 1167 tento
936 1111 1042 1169 scribis
1063 1111 1163 1170 obesse
1184 1126 1285 1174 moror

563 1212 688 1284 Scribis,
715 1211 814 1269 utitis
834 1213 916 1270 curis
936 1214 989 1270 uie
1008 1215 1103 1286 possis
1123 1228 1209 1285 oepro
1230 1214 1338 1286 tenori,

522 1335 534 1373 s
635 1314 674 1371 Et
693 1313 854 1387 desperato
870 1330 951 1388 pene
968 1316 1064 1373 solute
1085 1317 1169 1373 mori.

563 1415 599 1474 Si
617 1430 677 1488 quo
692 1412 755 1484 suit
770 1430 860 1488 quum
877 1430 930 1472 nos
949 1417 1038 1474 uettes
1059 1419 1177 1475 misisse
1191 1418 1329 1489 sulutem,

635 1517 774 1590 licspice,
792 1533 872 1575 nunc
887 1518 1021 1590 primum
1037 1525 1081 1576 est
1096 1520 1149 1577 iilo
1167 1517 1300 1590 ferendo
1322 1518 1388 1577 tibi:

564 1619 640 1677 Nom
661 1625 713 1676 tua
732 1620 776 1677 sic
792 1619 922 1676 onimnm
942 1621 1087 1692 permovit
1104 1621 1227 1699 epistota
1249 1621 1394 1690 nostrum,

512 1741 536 1779 su
639 1718 676 1778 Ut
686 1723 833 1795 pinceont
854 1720 941 1778 crido
956 1737 1046 1795 quum
1070 1723 1153 1780 stitus
1169 1736 1257 1779 urrno
1275 1723 1389 1794 inopis,-

565 1822 603 1879 Et
624 1823 676 1880 noi
695 1838 751 1880 non
769 1822 873 1880 eodem
893 1824 971 1880 cotio
991 1830 1047 1894 est,
1066 1839 1121 1882 nec
1142 1826 1215 1882 netu
1234 1823 1360 1895 uideris,
1412 1850 1416 1858 ·

640 1924 775 1996 Quisquis
791 1932 823 1981 ut
844 1923 992 1996 efflictum
1009 1925 1112 1983 liberet
1134 1924 1271 1987 Itotiorns
1362 1970 1365 1975 -

566 2027 625 2085 Nos
643 2042 759 2098 cepero,
782 2026 931 2090 uideret,
953 2028 1090 2098 conoscis
1112 2027 1319 2099 dominumque
1336 2025 1461 2097 soteris,

512 2147 536 2187 ss
562 2140 571 2152 ·
635 2127 730 2186 Itntcc
749 2128 793 2184 tui
809 2143 913 2184 nornen
936 2126 1066 2185 Coesoris
1082 2128 1160 2186 titud
1179 2142 1282 2195 umus,-

567 2229 630 2287 Hoc
650 2224 743 2299 octies,
763 2228 821 2287 tuoe
841 2231 971 2302 supplex
993 2228 1156 2301 Aupusturn
1178 2244 1283 2288 nomen
1301 2230 1414 2288 uctorcn

638 2332 731 2403 Atque
752 2332 875 2403 Apinius
895 2333 1017 2404 repetis,
1034 2331 1128 2389 libero
1145 2333 1247 2403 sipnu,
1264 2338 1347 2401 tuos,-

569 2435 781 2491 Commcmorns
797 2441 925 2491 ueterum
947 2432 1096 2491 Muciortin
1112 2433 1200 2504 fucta
1219 2440 1393 2507 parentum,

513 2556 538 2593 uo
636 2535 762 2593 Restitui
779 2553 837 2610 per
858 2552 911 2594 nos
931 2542 960 2593 ct
975 2537 1055 2609 petis
1075 2536 1142 2609 ipsc
1158 2535 1218 2594 tibi.

567 2638 664 2695 Parce
682 2640 767 2710 queri
784 2653 928 2710 servetque
940 2637 1031 2708 ficiem
1052 2644 1082 2695 et
1102 2654 1169 2711 spes
1189 2639 1311 2711 concipe
1333 2652 1472 2709 mortus,

637 2739 704 2796 Inrn
721 2741 785 2809 tiit,
804 2739 973 2810 occubitu,
993 2746 1091 2797 nostor
1106 2741 1228 2798 onhciot
1244 2756 1354 2812 eunus,-

569 2841 834 2914 Quantumcunque
855 2849 940 2900 uocet
956 2842 1074 2915 cupidis
1094 2857 1193 2914 moro,
1211 2847 1313 2899 nostro
1334 2840 1389 2899 surb
1405 2842 1499 2897 nornis

512 2961 536 3000 u
639 2943 797 3032 Estipitur
815 2932 907 3003 coriis
927 2946 1027 3003 littero
1047 2942 1153 3015 fructu
1173 2945 1262 3002 Iocis:

567 3045 729 3105 Scribimus
749 3054 778 3104 ct
793 3047 907 3105 dictant
926 3050 1014 3104 irntoe
1032 3046 1121 3104 acrio
1141 3046 1303 3118 Comccncc,

642 3148 798 3207 tirriiites
815 3148 953 3220 referunt
972 3151 1094 3221 sinputu'
1113 3147 1203 3206 uerbo
1224 3147 1323 3216 tubos·

503 3281 506 3289 =
567 3252 653 3308 Nrinc
675 3252 748 3308 oiiiei
768 3250 939 3309 Teutonicos
957 3252 1058 3309 uidcor
1084 3255 1219 3324 spectare
1239 3250 1420 3323 pinotunpes,

512 3374 537 3412 ns
636 3353 687 3409 En·
707 3370 769 3410 nisu
790 3355 900 3426 quotics
921 3356 1035 3427 scriptu
1057 3351 1166 3409 tubello
1181 3353 1279 3424 ptopu
1298 3357 1354 3416 est,

568 3433 652 3513 Nunc
673 3458 777 3527 tonpns
793 3455 927 3513 hrcuiInis
944 3462 1063 3513 certure
1083 3452 1234 3512 doionibus
1255 3453 1371 3524 tuosius,

640 3556 711 3614 Cum
726 3559 803 3614 stetit
824 3557 872 3616 liic
890 3574 992 3615 uersus
1011 3557 1142 3628 tonpior,
1164 3540 1216 3615 iiie
1232 3556 1345 3613 turreis:

566 3656 685 3716 Scilicet
699 3676 739 3717 ce
761 3661 817 3716 isin
830 3663 1010 3733 promissum
1028 3664 1118 3733 porte
1138 3659 1262 3716 sulutem

512 3777 537 3816 su
640 3759 677 3817 tn
693 3764 811 3818 missurn
829 3778 932 3835 posscs
952 3763 1067 3831 dicere,
1088 3775 1165 3818 curu
1184 3758 1255 3830 suit.

566 3862 649 3935 Erpo
665 3864 708 3920 oct
724 3871 751 3921 te
770 3862 885 3921 ursinos
902 3870 983 3922 tunto
1005 3849 1057 3921 itit
1075 3864 1213 3935 epistota,
1235 3867 1345 3934 ciconio

639 3964 698 4023 Pro
720 3971 747 4023 te
768 3967 908 4039 suscipiet
924 3967 1040 4038 tonpior
1058 3979 1145 4021 ormo
1167 3978 1290 4020 moinus:

566 4067 700 4140 Namque
721 4067 795 4140 quid
811 4067 936 4141 Alpinus
954 4065 1051 4137 scierit
1071 4067 1192 4156 nocuisse
1212 4064 1385 4137 sentences,

512 4187 537 4227 so
637 4169 791 4243 Afflictum
811 4186 878 4229 curn
900 4186 958 4227 uon
980 4170 1047 4242 ipsu
1069 4183 1198 4241 qtierure
1218 4162 1338 4226 mincis?

568 4271 655 4330 Mene
676 4270 842 4330 Tridentini
861 4273 961 4330 uriiern
980 4286 1138 4343 superasse
1155 4268 1340 4341 nitrumque
1356 4266 1514 4339 sruposurn

639 4374 813 4435 Ludibrium
832 4374 927 4447 sumne
950 4373 1139 4446 despicientis
1157 4365 1237 4428 erit?
1333 4431 1340 4444 ‚

566 4476 627 4535 lito
649 4479 849 4551 quidemnon
868 4493 948 4536 nunu
966 4482 1034 4534 tuos
1052 4473 1187 4549 peruenit
1207 4472 1250 4530 od
1269 4487 1360 4530 aures

516 4595 542 4635 io
641 4580 736 4653 Atque
755 4581 872 4655 aliquid
890 4581 987 4638 motus
1009 4592 1098 4651 quum
1118 4578 1288 4649 loqueretur
1309 4572 1397 4642 erut:

417 4756 620 4767 ——.

484 4876 507 4911 ¹⁴
520 4879 647 4931 adfixo.
694 4876 876 4933 ”literius
929 4879 1079 4946 ²‘⁴etlut5.
1127 4879 1356 4929 Cumoenas3...5.
1409 4871 1575 4923 ³·Adfl.t.o.
1623 4869 1716 4921 ''Ac-

415 4969 483 5018 nate
502 4981 527 5016 cu
549 4965 622 5019 1609.
