3917 5950
502 644 608 698 cxxx.
629 659 732 697 satem
747 660 810 696 ROT.
825 659 860 695 AD
874 658 955 700 ni'ss.
970 659 1005 695 DE
1019 659 1114 697 ΤΗΟΜΑ
1127 660 1202 697 ΜΟΒΟ
1216 660 1257 697 EP-
1272 660 1298 697 D.
1311 653 1345 696 23.
1360 660 1417 697 1v1..
1434 651 1491 696 1519.
1563 628 1630 704 281

338 819 533 895 precipuum
555 818 622 876 aila
650 819 828 891 uoluptatem
853 832 966 890 ponere
988 817 1133 875 uideatur.
1177 815 1254 875 Nam
1279 833 1300 876 a
1318 819 1399 892 pila,
1422 820 1504 893 alea,
1528 818 1709 879 obuiusi-¹⁶.

343 923 520 995 caurusque
540 919 668 990 lusibus,
698 919 803 993 quibus
826 919 929 990 culpus
945 912 1106 992 procerum
1128 921 1266 993 temporis
1286 920 1408 979 ludium
1429 923 1501 979 solet
1518 920 1640 994 fallere,

343 1038 471 1099 prorsus
490 1021 639 1080 abhorret.
683 1019 779 1078 Porro
797 1028 830 1077 ul
850 1022 1046 1094 propriarum
1068 1035 1168 1078 rerum
1193 1028 1237 1079 est
1257 1023 1466 1095 neptiqentior,
1493 1025 1536 1081 ita
1557 1040 1641 1084 nemo

346 1125 520 1197 diliqcnlior
541 1126 572 1182 in
591 1120 737 1181 curandis
758 1121 921 1180 amicorum
940 1123 1078 1193 neqaciis.
1126 1120 1203 1191 Orcla
1225 1119 1345 1181 multis?
1365 1125 1457 1197 siquis
1479 1125 1641 1185 absolutum

321 1240 428 1287 saera
445 1226 586 1285 amicitia
603 1224 740 1297 requirat
760 1223 933 1296 exemplar,
955 1238 974 1278 α
997 1225 1112 1281 nemine
1133 1225 1241 1281 rectius
1257 1226 1379 1297 petierit
1396 1240 1485 1298 quam
1507 1244 1527 1285 a
1544 1227 1641 1287 Maro.

343 1324 384 1397 In
406 1328 541 1386 conuictu
564 1331 624 1384 tam
648 1339 725 1382 rara
748 1325 870 1381 comitas
894 1339 932 1381 ac
958 1339 1073 1381 morum
1094 1327 1238 1392 suauitas,
1267 1333 1299 1383 ul
1320 1341 1403 1384 immo
1427 1333 1486 1385 lam
1508 1330 1587 1388 tristi
1604 1332 1709 1389 siti-¹⁷·

345 1430 466 1502 inuenio
472 1472 481 1505 ‚
503 1443 588 1502 quem
610 1442 668 1484 uon
690 1424 853 1495 exhilaret,
877 1427 961 1482 nrdta
984 1431 1109 1483 restam
1127 1432 1231 1497 atron,
1252 1429 1336 1486 cuitus
1358 1427 1478 1487 tadicum
1496 1445 1553 1488 non
1577 1431 1642 1489 dis-

343 1532 449 1589 entiat.
493 1531 553 1588 iam
576 1528 646 1586 inde
667 1543 687 1585 a
706 1541 801 1600 puero
821 1527 867 1593 sic
888 1527 960 1583 iocis
980 1522 1025 1585 est
1047 1528 1222 1597 delectatus,
1249 1536 1281 1586 ut
1302 1528 1346 1587 ad
1365 1529 1418 1587 teos
1439 1508 1527 1589 uatus
1548 1522 1645 1592 uideri

342 1633 453 1707 possit,
482 1629 586 1689 sedin
608 1628 655 1687 liis
678 1644 733 1686 nec
753 1627 797 1685 ud
816 1629 1027 1685 scurrilitatem
1050 1645 1141 1701 usque
1157 1645 1338 1702 propressus
1359 1636 1414 1702 est,
1442 1648 1496 1691 nec
1517 1633 1643 1690 marda-

311 1746 338 1792 m
346 1734 467 1792 citatem
491 1747 620 1805 unquam
643 1730 762 1788 ameroil.
803 1728 974 1786 adolescens
996 1731 1184 1787 comunimus
1204 1738 1233 1788 el
1251 1733 1371 1804 scripsit
1390 1739 1419 1790 et
1438 1735 1514 1805 cqil‚·
1540 1734 1646 1807 siquod

346 1833 461 1892 dictum
482 1840 556 1891 esset
576 1833 700 1901 salsius,
728 1831 816 1888 etiam
843 1831 874 1886 in
902 1831 997 1903 ipsum
1021 1836 1142 1901 tortum,
1172 1838 1269 1890 tamen
1292 1833 1425 1904 limabat,
1453 1835 1644 1908 usqueadeo

344 1932 461 2006 pauiu
480 1933 591 1992 salibus
613 1934 729 2005 arculis
747 1938 777 1989 et
796 1932 946 2003 inqenium
968 1932 1179 2003 redolentibus,
1200 1934 1279 2007 upde
1298 1941 1327 1992 ct
1339 1935 1562 2008 epiqrammalis
1576 1940 1645 1997 lusit

346 2036 462 2095 iuuenis
482 2041 511 2093 et
524 2034 657 2093 luciano
676 2034 849 2107 cumprimis
870 2039 914 2089 est
934 2032 1114 2101 delectatus·
1145 2036 1215 2106 quin
1238 2040 1268 2092 et
1285 2036 1370 2113 acini,
1396 2044 1428 2095 ut
1450 2037 1566 2096 Marias
1586 2056 1643 2098 en-

346 2138 474 2195 comium
491 2126 664 2206 scriberem,
686 2135 855 2195 arnestat
875 2137 1007 2192 camelus
1028 2137 1185 2205 satiarem,
1206 2135 1268 2206 suit
1288 2144 1422 2233 aneton·
1445 2139 1527 2199 Nilei!
1547 2138 1711 2200 neelami-¹⁸·

314 2238 380 2301 min
402 2237 491 2296 rebus
511 2237 649 2297 humanis
670 2238 783 2296 obuium
804 2244 862 2308 est,
892 2238 971 2321 unde
993 2238 1042 2294 ille
1062 2253 1120 2294 non
1143 2240 1264 2296 vacetur
1286 2241 1475 2313 vamtatem,
1503 2243 1590 2299 etiam
1613 2244 1644 2300 in

346 2339 437 2399 rebus
459 2342 590 2399 maxime
610 2342 712 2399 seriis:
744 2339 772 2398 si
791 2354 857 2396 cum
880 2339 1005 2397 eruditis
1024 2346 1053 2396 et
1073 2339 1205 2397 cordatis
1226 2356 1275 2397 res
1296 2347 1353 2411 est,
1373 2340 1540 2400 delectatur
1556 2345 1644 2416 inqe-

347 2428 420 2508 ηνά,·Ι
444 2443 473 2498 si
490 2456 557 2500 cum
578 2443 704 2500 indoctis
731 2457 769 2498 ac
796 2441 904 2510 stultis,
928 2438 1048 2511 sruilur
1073 2420 1191 2498 illorum
1218 2443 1365 2515 stulticia;
1401 2458 1457 2508 uec
1481 2442 1644 2515 offenditur

347 2542 542 2613 morionibus,
564 2545 643 2600 νηὶνα
664 2543 841 2600 dexteritate
861 2542 905 2599 ad
926 2543 1054 2600 omnium
1077 2540 1203 2613 affectus
1221 2559 1284 2601 sese
1303 2544 1538 2605 accommodans.
1572 2546 1712 2606 Comum.

347 2643 525 2703 mmrerihus
540 2642 624 2716 sere,
650 2652 739 2718 atque
759 2644 847 2701 elium
869 2659 936 2701 cum
965 2659 1059 2701 uacare
1087 2659 1146 2702 riou
1174 2636 1234 2702 nisi
1259 2646 1341 2703 linus
1368 2646 1502 2719 iocosque
1530 2654 1645 2706 tractat.

313 2745 475 2809 indiceres
497 2748 624 2805 alterum
642 2744 791 2818 quendam
809 2760 872 2802 esse
892 2743 1090 2803 Democritum
1118 2752 1172 2803 aret
1191 2747 1292 2818 potius
1312 2746 1542 2820 Pqtluaqaricum
1562 2750 1645 2808 illum

344 2847 555 2923 philosophum
577 2849 629 2920 qui
648 2862 757 2905 uacuus
781 2847 880 2902 animo
897 2861 957 2918 per
970 2852 1132 2905 mercatum
1149 2846 1341 2905 obambulans
1357 2851 1573 2922 contemplatur
1594 2856 1645 2907 tu-

308 2989 312 2998 ·
348 2951 459 3010 inultm
486 2950 672 3008 vendentium
700 2954 788 3021 alque
813 2948 978 3006 ementium.
1029 2964 1114 3009 nemo
1138 2951 1234 3006 acinus
1261 2949 1382 3007 ducitur
1413 2951 1495 3022 zuuqi
1524 2950 1644 3020 iudicio,

348 3052 404 3111 sed
429 3068 536 3110 rursm
562 3066 647 3110 nemo
669 3052 766 3108 minus
792 3049 874 3108 abest
898 3066 918 3106 α
946 3066 1034 3108 sensu
1061 3051 1216 3109 conimuni.
1260 3050 1421 3124 Praecipua
1444 3052 1489 3108 illi
1511 3054 1644 3125 uoluptas
1655 3062 1713 3114 iao.

349 3159 394 3212 est
413 3159 550 3226 spectare
566 3152 701 3224 formas,
728 3153 849 3223 inqenin
871 3157 900 3210 et
918 3150 1044 3222 affectus
1073 3152 1255 3209 diuersorum
1278 3154 1489 3210 animantium:
1517 3153 1646 3226 proinde

316 3257 467 3316 nnullum
492 3253 563 3325 sere
586 3270 682 3328 penus
702 3259 745 3311 est
769 3255 891 3324 auium,¹
910 3253 991 3326 quod
1011 3252 1168 3311 dominon
1190 3254 1270 3320 alal‚·
1301 3253 1409 3325 siquod
1429 3254 1516 3312 atiud
1534 3255 1649 3312 artimat

350 3359 440 3430 anlqo
460 3371 581 3429 νανιαη,
611 3356 701 3415 veluti
719 3356 821 3426 simia,
842 3357 958 3428 uulpes,
978 3356 1112 3426 viverra,
1138 3356 1260 3412 mustela
1281 3359 1310 3412 et
1329 3354 1374 3412 lu's
1396 3357 1575 3425 consimilia,
1605 3354 1649 3412 ad

350 3459 417 3518 ηαη
434 3459 535 3532 siquid
553 3460 701 3517 exoticam
719 3463 772 3514 aut
799 3457 913 3529 alioqui
932 3456 1126 3528 spectandum
1148 3462 1302 3526 occurrat,
1330 3457 1498 3541 avidissime
1518 3458 1649 3530 necari

349 3563 438 3628 solen·
470 3570 558 3634 atque
579 3559 625 3618 luis
646 3559 734 3618 rebus
754 3558 885 3630 undique
906 3557 1025 3615 domum
1046 3557 1134 3615 nabet
1152 3559 1344 3631 instructam,
1369 3565 1564 3631 utnusquam
1588 3573 1647 3616 riou

349 3663 390 3721 sil
415 3662 530 3721 obuium
559 3661 639 3734 quod
667 3663 767 3719 oculos
795 3660 1023 3731 incredientium
1051 3659 1236 3727 demoretur;
1270 3675 1308 3717 ac
1334 3662 1416 3718 toties
1445 3660 1502 3718 sibi
1526 3667 1649 3718 renouat

315 3765 544 3838 nuatupeanm,
570 3764 681 3835 quoties
706 3763 781 3820 alios
808 3763 953 3835 conspicit
977 3761 1135 3825 oblectari„
1174 3760 1245 3820 Cum
1272 3743 1346 3820 alas
1370 3760 1483 3835 secret,
1511 3777 1569 3820 non
1588 3762 1716 3824 abaco.

350 3865 470 3925 horruit
490 3881 510 3922 a
528 3866 699 3939 puellarum
722 3863 886 3934 amoribus,
911 3863 966 3919 sed
986 3863 1063 3921 citra
1086 3862 1244 3935 infamiam
1266 3872 1294 3922 et
1311 3866 1355 3921 sic
1375 3869 1408 3921 ut
1427 3862 1533 3921 oblatis
1553 3865 1649 3936 ntaqis

347 3965 508 4039 frueretur
534 3981 623 4039 quam
651 3967 780 4040 captatis
787 4009 796 4041 ‚
829 3972 858 4023 et
884 3966 983 4021 animo
1010 3972 1109 4023 mutuo
1137 3970 1296 4038 caperetur
1318 3966 1533 4039 potiusquam
1559 3966 1647 4022 coila.

350 4065 456 4127 Bonas
478 4068 582 4126 literas
609 4082 628 4123 α
651 4068 763 4141 primis
783 4069 880 4123 statim
902 4065 991 4123 urinis
1012 4065 1170 4123 hauserat:
1204 4067 1316 4124 iicoenis
1336 4065 1380 4123 ad
1402 4064 1525 4122 θναναε
1545 4066 1647 4122 literas
1658 4080 1718 4131 qu.

351 4185 389 4229 ac
410 4169 610 4245 philosophice
636 4169 765 4226 studium
792 4183 855 4225 sese
882 4168 1042 4240 applicuit,
1061 4160 1149 4225 'adeo
1182 4183 1240 4224 non
1268 4168 1430 4239 opitulante
1454 4171 1559 4237 pectre,
1586 4165 1649 4222 uiro

319 4272 465 4344 malroqui
485 4270 634 4344 prudenti
655 4247 823 4344 proboque,
853 4274 885 4326 ut
905 4285 941 4325 ca
970 4274 1123 4326 conantem
1148 4270 1229 4325 omni
1252 4266 1382 4324 subsidio
1405 4265 1586 4332 destitueret,
1611 4275 1674 4322 αα·

348 4389 426 4446 pene
448 4386 511 4446 pro
536 4371 675 4430 abdicato
702 4370 838 4442 liaberet,
864 4369 944 4442 quod
970 4384 990 4425 a
1013 4370 1124 4442 patriis
1151 4367 1256 4450 studiis
1288 4366 1453 4423 desciscere
1482 4365 1649 4424 uideretur:

351 4488 421 4531 nam
447 4475 473 4531 is
495 4471 745 4531 Britannicarum
768 4471 1029 4544 lequm·peritiam
1053 4470 1223 4541 profitetur,
1254 4483 1321 4540 quie
1337 4464 1488 4540 professio
1511 4472 1542 4524 ut
1560 4474 1603 4524 est
1627 4483 1717 4534 auru

351 4575 428 4634 ueris
451 4574 546 4632 lituris
571 4574 773 4643 alienissima,
805 4575 846 4631 ita
875 4569 961 4645 apud
986 4567 1151 4627 Britannos
1177 4569 1349 4640 cumprimis
1373 4567 1519 4626 labentur
1547 4571 1650 4643 maqni

351 4677 487 4749 clarique
511 4676 565 4747 qui
590 4676 621 4732 in
648 4674 704 4734 icoc
727 4689 839 4748 qenere
859 4672 917 4730 sibi
937 4675 1094 4745 pararunt
1114 4670 1335 4743 auctoritatemq¹
1362 4685 1417 4727 nec
1439 4676 1547 4729 temere
1565 4668 1652 4743 apud

344 4947 349 4958 ¹
418 4890 780 4958 ¹chartis]Germ.Knrtcn.
824 4890 1008 4940 οῒαααῐαοῖ.
1050 4851 1081 4919 λ“
1096 4887 1197 4937 salsius
1209 4904 1257 4937 αηι.
1273 4891 1297 4936 l.
1346 4886 1366 4919 ¹⁴
1378 4889 1510 4938 Proverb.
1525 4903 1569 4953 ap.
1582 4887 1650 4935 Hia-

350 4993 407 5029 ron.
421 4978 455 5028 de
468 4993 545 5045 perp.
560 4978 629 5043 virg.
641 4975 678 5026 18.
693 4977 730 5026 11.
744 4975 836 5042 petio.
873 4973 892 5006 ²¹
908 4974 1091 5026 abambulans
1104 4977 1163 5023 Μ.
1200 4972 1388 5028 ²“nivers-ul.
1423 4972 1648 5022 obscoenum.
