3917 5950
317 619 390 696 336
460 634 585 689 CLVIII.
605 634 699 686 CLIX.
718 651 883 687 susumus
894 651 932 687 nn
945 650 1059 688 rsncun.
1071 653 1133 690 ser.
1146 653 1173 692 n,
1187 647 1221 689 ts.
1234 654 1269 689 rr
1280 649 1314 691 ss.
1327 654 1392 691 arn.
1408 648 1467 689 1⁵2⁰.

315 812 434 868 llntteno
458 811 560 866 utinam
583 828 614 866 oa
636 820 786 884 sequantur
808 829 868 884 qnae
895 811 1007 866 scribis:
1041 811 1151 866 habebit
1177 814 1248 868 enim
1276 814 1462 875 occasionem,
1497 832 1550 887 qno
1577 824 1603 870 et

315 915 395 952 niano
418 906 446 952 ct
478 896 568 968 lingna
597 912 626 951 se
657 895 799 956 defendat,
833 897 927 950 forsan
957 913 1012 952 non
1042 897 1180 969 indignum
1210 898 1271 954 hnic
1299 898 1408 972 patellae
1439 898 1603 972 operculum.

316 982 422 1037 tametsi
446 978 523 1036 inulti
546 981 601 1035 sint
624 980 670 1053 qni
693 981 842 1053 potentiam
866 980 947 1035 buius
968 981 1142 1037 denariorum
1165 982 1238 1055 regis
1268 982 1315 1055 (ita
1338 984 1409 1039 enim
1432 983 1533 1042 solitus
1556 984 1604 1039 luit

313 1083 375 1121 erim
398 1064 536 1139 appellare
558 1063 703 1120 cardinalis
726 1065 870 1135 Adrianus)
899 1064 960 1138 plns
989 1082 1068 1138 qnam
1096 1067 1242 1129 conducat.
1272 1068 1429 1124 formident.
1481 1067 1605 1123 Erasmus

312 1151 386 1206 cudit
408 1149 554 1223 apologian
578 1149 603 1203 in
627 1148 793 1210 Etlnardnni,
816 1150 849 1204 de
872 1166 927 1222 qun
949 1150 1014 1205 mibi
1038 1151 1188 1223 scripsisti,
1217 1161 1244 1207 et
1271 1161 1302 1207 ut
1329 1150 1417 1208 literas
1446 1171 1503 1209 snae
1525 1154 1622 1208 deno-³

313 1243 385 1297 tant,
418 1234 626 1289 acerbissimam.
676 1233 740 1300 Quae
767 1234 800 1289 de
829 1234 958 1307 episcopo
987 1234 1176 1308 Ilerbipolensi
1210 1237 1359 1309 scripsisti,
1395 1237 1474 1293 facilc
1506 1239 1604 1313 qredo:

313 1320 374 1374 nori
398 1320 469 1374 enim
492 1336 540 1374 eos
563 1320 608 1391 qni
632 1318 721 1373 oirinia
744 1318 814 1391 apud
838 1336 898 1374 eum
921 1327 1051 1392 possunt,
1080 1320 1214 1393 facileque
1241 1322 1305 1376 mibi
1329 1323 1511 1395 persuadetur
1534 1323 1604 1396 quod

313 1404 401 1459 omnis
424 1405 592 1477 principatus
615 1411 661 1458 ant
685 1403 787 1476 reperit
810 1410 856 1458 ant
879 1403 943 1459 lacit
965 1402 1059 1459 nralos.
1105 1403 1182 1472 Quod
1205 1423 1268 1461 rcro
1291 1423 1347 1461 non
1370 1408 1459 1478 magni
1490 1407 1604 1462 istornm

312 1489 441 1560 gratiam,
465 1497 495 1543 ut
518 1488 609 1548 aiunt,
634 1487 713 1547 lacis,
738 1504 841 1542 mecum
864 1488 962 1542 sentis:
992 1506 1052 1542 nam
1076 1497 1205 1562 quantum
1229 1490 1343 1546 istorum
1370 1491 1604 1546 comessationem

313 1591 366 1629 iton
390 1574 471 1628 niodo
495 1573 613 1644 logiam,
636 1573 683 1626 sed
706 1572 764 1626 lore
786 1571 939 1634 abominer,
964 1572 1013 1627 tibi
1036 1573 1156 1629 scribere
1178 1575 1353 1630 verecundor.
1387 1576 1471 1631 diunt
1493 1577 1633 1631 Petrunr¹⁰

310 1658 344 1712 de
363 1657 460 1712 Airlses
481 1657 600 1711 lluttcno
624 1656 806 1729 respondisse.
851 1656 928 1723 Quod
951 1656 1016 1711 boni
1038 1658 1144 1713 llartini
1166 1659 1254 1714 nostri
1277 1659 1368 1715 briniae
1396 1661 1540 1733 negotium
1568 1661 1605 1714 in·

312 1743 458 1797 iustissime
485 1742 619 1813 agitetur.
651 1741 712 1813 quo
743 1742 876 1796 miretur?
900 1783 1356 1799 ....................
1387 1743 1452 1799 Vale
1481 1763 1512 1800 ac
1541 1746 1604 1808 rire,

240 1853 246 1864 ·
311 1835 341 1882 nt
364 1834 430 1900 opto
453 1844 483 1881 ac
505 1826 584 1881 donin
608 1843 667 1880 oro.
691 1828 821 1898 Augustae
844 1827 873 1880 I.
897 1825 998 1899 Aprilis
1020 1843 1091 1882 anno
1114 1826 1210 1883 salutis
1232 1828 1329 1883 ttnxx.

326 2130 460 2211 aborsus
478 2174 701 2210 cinnamonum
859 2140 1054 2216 OLVHII,
1371 2171 1407 2212 ts.
1421 2159 1517 2212 assiri.
1535 2173 1591 2214 tarn.

441 2316 656 2373 nnnnnannvs
678 2315 855 2371 ADELbldeI
876 2315 916 2371 DE
939 2315 1262 2373 tnmnnnn'srnnnnn
1283 2318 1466 2375 CANONICVS
1582 2394 1587 2407 ⁸

674 2413 876 2462 BILIBALDO
895 2414 1185 2464 PIRCKHEYMERO
1205 2414 1233 2465 S.
1610 2422 1630 2462 n

394 2536 489 2593 Scribo
512 2536 561 2592 tibi
590 2553 647 2592 rem
676 2553 771 2591 novarn
799 2553 830 2592 ac
857 2536 950 2591 forsan
979 2536 1056 2610 prins
1084 2553 1139 2592 non
1167 2538 1298 2593 auditam:
1331 2538 1479 2612 theologus
1508 2548 1603 2596 noster

308 2622 395 2696 pridie
418 2639 498 2695 qnam
521 2622 623 2676 based
646 2628 674 2676 te
695 2621 801 2682 darem,
824 2621 966 2693 ingressus
989 2629 1032 2677 est
1054 2623 1250 2678 monasterium
1273 2623 1375 2679 culinis
1404 2623 1430 2678 S.
1455 2624 1601 2681 Salvatnris

307 2706 416 2761 nomino
439 2705 518 2760 Alten
541 2707 676 2768 llnnster,
705 2706 810 2761 distans
831 2722 882 2778 per
904 2706 956 2760 tria
978 2705 1129 2762 miliarina
1157 2707 1251 2769 nobis,
1281 2707 1440 2782 parentibus
1463 2726 1494 2765 ac
1516 2709 1601 2765 omni·

306 2791 372 2853 bus,
396 2798 426 2846 nt
448 2790 513 2846 mibi
536 2798 658 2852 constat.
682 2791 775 2846 amicis
797 2789 854 2845 suis
877 2789 1040 2846 inconsultis
1042 2832 1501 2848 ....................
1524 2794 1600 2861 Quod

306 2876 337 2930 ad
362 2875 454 2932 literas
477 2883 595 2949 spectat,
619 2877 729 2949 scripsit
752 2875 824 2930 hisce
846 2874 942 2930 diebus
964 2875 997 2930 ad
1020 2893 1070 2930 nos
1093 2874 1246 2950 Spiegelius
1269 2894 1301 2933 ex
1324 2875 1503 2938 Scelestadia,
1527 2879 1627 2935 breviat

306 2975 336 3017 se
358 2962 390 3017 ad
413 2979 464 3017 nos
487 2961 631 3016 missurum
655 2979 715 3018 esso
738 2959 845 3015 loannis
869 2959 924 3015 llus
952 2960 986 3016 de
1009 2959 1122 3016 ecclesia
1145 2960 1256 3022 librum,
1285 2962 1444 3019 [tonationis
1468 2963 1599 3020 Constan-

307 3047 355 3101 tini
378 3046 549 3121 pririlegium
573 3046 721 3120 interprete
744 3039 1111 3107 Ilartliolomeeo'Pincerno.
1135 3046 1272 3103 Laurentii
1289 3047 1370 3104 Vallae
1392 3056 1490 3103 contra
1513 3050 1599 3123 ipsum

305 3132 476 3205 privilegium
504 3130 727 3187 declamationem
753 3147 813 3186 cnm
836 3129 948 3184 Hutteni
977 3130 1065 3185 nostri
1094 3132 1253 3204 praelatione
1281 3149 1354 3188 mere
1377 3130 1512 3194 llnttena.
1541 3134 1598 3189 Cle·

305 3218 442 3289 manginm
463 3216 497 3271 de
519 3224 592 3271 statu
615 3215 749 3276 ccclesiae,
773 3215 818 3287 qui
842 3214 952 3287 scripsit
976 3221 1098 3289 tempore
1120 3216 1227 3272 concilii
1243 3215 1475 3280 constantiensis,
1501 3226 1597 3274 tracta·

306 3309 349 3356 tus
377 3302 489 3374 cognitu
521 3301 633 3374 «lignus,
668 3299 815 3372 Epistolam
842 3298 1028 3354 studiosorum
1058 3299 1206 3357 Germaniae
1241 3302 1273 3356 ad
1301 3302 1426 3357 Carnlnrn
1455 3303 1625 3366 (inserena

304 3387 460 3442 Orationem
482 3385 613 3440 nobilium
637 3385 785 3440 Germaniae
807 3384 839 3438 ad
862 3383 987 3438 l'arolnrn
1009 3383 1141 3440 Casarem
1163 3386 1195 3441 de
1219 3386 1378 3459 quibusdam
1402 3386 1486 3442 rebus
1513 3390 1598 3444 corri-

304 3470 412 3542 gendis,
447 3469 585 3541 bialognm
609 3487 663 3543 qno
687 3476 743 3524 tres
767 3468 940 3540 theologistae
962 3468 1140 3524 tlolonienses
1166 3488 1226 3526 curn
1249 3470 1396 3532 Reucblin,
1430 3470 1543 3528 Erasmo
1569 3482 1596 3528 et

304 3553 391 3608 Fabro
413 3555 579 3627 disceptant,
604 3554 764 3628 Apologiam
786 3553 893 3608 llenrici
922 3553 1013 3625 quarti
1036 3553 1210 3626 Imperatoris
1238 3564 1290 3611 etc.
1343 3556 1459 3629 Scripsit
1489 3574 1595 3630 quoque

303 3637 441 3693 Erasnnrm
464 3655 535 3693 nunc
559 3640 700 3694 emendare
723 3638 868 3711 Augustini
899 3655 996 3710 opera,
1025 3655 1055 3693 ac
1083 3639 1240 3713 Capitonem
1269 3640 1436 3714 Iloguntiam
1465 3644 1593 3714 migratu·

303 3740 371 3778 rum,
421 3722 485 3778 Vale
508 3724 535 3778 in
557 3724 674 3779 lllrristo.
719 3725 857 3796 Augustae.
880 3721 988 3776 xnvtn,
1005 3722 1114 3796 Aprilis.
1152 3725 1229 3780 Anno
1252 3724 1353 3781 Salutis
1376 3724 1474 3781 tmxx.
1601 3740 1621 3781 aa

645 3905 789 3955 .chan
820 3906 974 3954 Heumann.
995 3904 1012 3953 l.
1033 3922 1056 3955 c.
1076 3921 1102 3969 p.
1116 3904 1171 3955 192.
1186 3921 1243 3972 sqq.

368 4074 491 4125 ³dennr.
511 4075 579 4142 rege]
599 4094 645 4127 nec
663 4079 785 4143 anperr'.
803 4084 877 4141 pardo.
902 4094 949 4126 nec
968 4077 1051 4134 Ereti,
1075 4079 1124 4127 aed
1139 4079 1280 4127 cardinalis
1300 4078 1423 4126 Constant.
1455 4078 1489 4138 rs.
1509 4092 1549 4142 ep.
1568 4078 1590 4127 d.

299 4159 324 4211 3.
339 4162 407 4210 ,tran
423 4179 447 4211 a.
464 4160 537 4210 1520.
550 4166 680 4226 scriptam.
733 4159 1034 4226 5Ε(Ι(ι(ιτ(1(ιιιι]Ιιεὲιιῐιι.
1081 4161 1103 4192 ¹⁰
1114 4163 1190 4210 Petri
1200 4178 1347 4226 responsum
1360 4178 1409 4211 nou
1423 4169 1517 4211 extare
1528 4164 1591 4211 vide·
1640 4164 1646 4177 '

300 4253 351 4295 tur.
382 4254 409 4296 at
426 4252 525 4311 pluteos
543 4248 649 4297 urcbisi't
671 4248 865 4312 Herbi'polcnsi's
888 4248 1024 4296 ditissimos
1047 4261 1103 4296 ease
1131 4248 1281 4297 ineditorum
1309 4248 1512 4297 documentorum
1541 4252 1591 4311 que

298 4335 358 4381 ordi.
415 4332 465 4365 ¹⁰³¹
485 4335 559 4383 Patr.
579 4333 613 4381 do
631 4330 719 4397 Artis]
739 4334 773 4395 rs.
791 4348 872 4396 supra
886 4349 914 4396 p.
928 4328 986 4379 288.
1001 4345 1060 4396 sqq.
1118 4328 1137 4361 ¹¹
1157 4328 1279 4395 Martini]
1300 4330 1425 4380 Lutbsri.

367 4417 387 4448 ¹⁷
406 4417 490 4467 theol.
509 4414 847 4482 nost.]Oocolnmpadius.
900 4412 968 4447 ’Μ’
986 4416 1040 4465 lud
1056 4414 1392 4481 biblioyr.n.XIII.l.s.2.
1446 4412 1499 4445 “²³
1517 4415 1587 4464 Com

299 4504 436 4566 mangium
454 4506 515 4554 edit.
569 4500 620 4533 ²⁵³⁸
638 4508 788 4551 tractatum
806 4501 917 4565 dignum
940 4505 1015 4551 ootirtt
1027 4504 1151 4565 scriptor.
1196 4498 1218 4531 ²⁶
1231 4496 1388 4565 epistolant]
1408 4500 1511 4549 Antorc
1524 4500 1588 4548 Hei·-

299 4602 398 4635 msnno
412 4590 512 4637 comite
530 4589 564 4637 do
577 4590 654 4639 Nora
673 4585 776 4650 aquila.
828 4582 851 4615 ²⁷
865 4583 1028 4650 orationem]
1048 4586 1170 4635 Autborc
1183 4583 1285 4634 Iacobo
1298 4583 1382 4632 Sobio
1398 4583 1456 4633 LL.
1470 4584 1587 4634 doctore.

297 4667 319 4700 ²⁸
338 4671 411 4718 l'tinl.
432 4687 484 4734 qno
503 4670 569 4737 tres]
589 4671 725 4735 Dialogus
743 4685 830 4719 nortus
849 4675 877 4717 et
895 4671 963 4718 miro
989 4671 1120 4728 lestirnss,
1147 4686 1179 4719 ex
1204 4668 1372 4733 qnonindam
1389 4670 1509 4719 virorum
1528 4667 1586 4716 sali·

297 4753 348 4802 bns
367 4755 503 4803 cribratus
521 4763 569 4805 ete.
622 4754 644 4787 ²³
662 4752 835 4820 Apologinm]
855 4759 903 4802 ant
921 4754 956 4803 ab
970 4754 1094 4803 llntteno
1112 4756 1146 4803 de
1158 4755 1267 4803 unitate
1281 4752 1350 4803 eccl.
1366 4751 1471 4803 editum
1484 4753 1585 4815 librum,

298 4845 345 4888 erit
363 4839 494 4888 Aventini
512 4843 599 4889 vitam
617 4841 734 4890 Henrici
753 4840 819 4894 IIII,
839 4839 918 4905 (Aug.
931 4839 1013 4888 Vind.
1028 4855 1053 4888 n.
1069 4837 1142 4889 1518.
1162 4837 1210 4903 4⁰.)
1228 4837 1296 4889 vult.

741 5023 1133 5042 *-
