3917 5950
360 610 434 685 232
544 622 641 674 xctx.
656 635 760 671 suasam
774 635 836 671 nor.
850 635 887 670 an
899 634 1049 671 auannrvir
1062 636 1184 672 uoovur.
1198 637 1241 672 nr.
1255 636 1281 673 n.
1294 629 1328 673 tt.
1343 637 1407 674 nnc.
1423 629 1482 674 tatu.

361 801 436 859 tulor
459 808 500 856 tut
522 797 688 855 ornamentis
711 797 765 852 tuis
786 795 963 853 cardinalicia·
991 797 1132 870 dignitatis
1154 797 1292 871 fastigium
1315 799 1478 861 accessisse,
1511 789 1581 855 unde
1601 798 1644 856 tibi

361 889 413 944 hoc
433 887 514 942 etiam
535 884 597 958 plus
617 883 723 938 decoris
739 882 893 937 adiunctum
908 889 964 944 est,
989 883 1060 955 quod
1083 901 1098 938 a
1118 882 1245 956 pontifice
1261 884 1439 958 integerrimo
1462 901 1514 941 nec
1534 893 1644 959 emptum

363 991 413 1028 nec
435 970 564 1026 ambitum
588 967 701 1039 obtigit,
732 976 760 1022 et
782 968 849 1022 adeo
878 984 933 1022 non
960 965 1104 1030 ambitum,
1133 976 1177 1029 ut,
1205 969 1256 1023 nisi
1278 969 1450 1025 blarimiliani
1473 970 1585 1025 Caesaris
1606 988 1646 1025 au·

308 1055 476 1112 §.ctoritate
498 1062 603 1114 motus,
634 1052 771 1108 obstinate
794 1051 878 1108 lucris
900 1060 1085 1108 recusaturus.
1129 1054 1304 1109 hdiunnimus
1327 1054 1452 1128 epistolae
1474 1053 1597 1110 libellum
1617 1054 1646 1110 de

362 1142 467 1197 ratione
490 1137 571 1193 studii
596 1135 756 1209 theologici,
780 1154 834 1192 non
858 1144 887 1191 ut
910 1136 961 1193 hoc
984 1145 1032 1194 tuo
1054 1138 1156 1193 nomini
1179 1138 1301 1194 dedicato
1324 1138 1403 1194 fidem
1429 1156 1517 1195 meam
1533 1139 1675 1210 liberema

361 1243 454 1283 rerum
477 1233 506 1279 ut
522 1224 574 1279 hoc
596 1221 669 1277 velut
691 1220 824 1278 arrabone
845 1223 909 1277 dato
931 1223 1018 1296 magis
1041 1241 1071 1279 ac
1092 1223 1178 1296 magis
1200 1219 1356 1297 astringam.
1392 1223 1511 1298 Optahat
1534 1225 1564 1279 ll.
1581 1225 1609 1279 Τ.
1623 1224 1647 1278 u

361 1320 391 1367 ut
413 1311 536 1365 dirorum
559 1307 627 1363 ritas
659 1305 823 1363 illustrarem
844 1324 905 1363 meo
928 1306 1007 1370 stilo,
1037 1316 1065 1363 at
1087 1325 1139 1380 ego
1162 1315 1276 1364 conatus
1298 1327 1372 1370 sum,
1399 1316 1432 1364 ut
1455 1310 1508 1383 ipsi
1531 1310 1647 1364 dirorum

362 1394 477 1470 principi
506 1410 565 1448 mea
594 1391 776 1464 qualicunque
804 1392 936 1447 industria
963 1391 1032 1448 lucis
1060 1392 1184 1448 nonnihil
1212 1393 1350 1449 adderem:
1385 1410 1447 1449 nam
1476 1394 1578 1467 gaudet
1608 1393 1648 1449 ille

307 1481 448 1536 §tronus
471 1477 566 1551 gloriae
589 1476 651 1532 lons
673 1477 753 1531 etiam
776 1477 828 1550 piis
850 1493 961 1533 suorum
985 1477 1081 1532 studiis
1103 1486 1241 1550 utcunque
1262 1476 1409 1533 nobilitari.
1447 1478 1582 1535 Caeterum
1598 1496 1649 1534 ser·

361 1581 442 1621 mone
464 1563 507 1618 ria
528 1561 658 1634 consequi
681 1578 778 1634 queam
801 1569 969 1635 quantopere
991 1562 1111 1618 deamem
1139 1561 1257 1618 indolem
1279 1563 1358 1619 istam
1381 1572 1467 1626 tuam,
1498 1565 1543 1619 cui
1567 1565 1648 1619 iureui
1657 1574 1674 1615 tt

363 1651 434 1705 inter
461 1655 503 1703 tot
528 1647 640 1702 ditionis
663 1645 881 1701 administramlae
909 1647 1076 1703 necessarias
1103 1647 1189 1719 magis
1219 1664 1298 1720 quam
1330 1664 1421 1704 sacras
1454 1645 1649 1705 sollicitudines

362 1734 428 1791 illud
451 1731 492 1788 rel
516 1732 543 1787 in
565 1731 660 1804 primis
680 1731 757 1786 cordi
780 1739 835 1792 est,
865 1739 896 1786 ut
922 1732 1045 1787 divorum
1075 1733 1149 1795 ritae,
1178 1749 1238 1805 quas
1265 1732 1374 1805 partim'
1390 1731 1529 1788 habentur
1557 1733 1650 1788 fabulis

363 1817 481 1875 anilibus
503 1815 661 1878 simillimae,
684 1816 784 1888 partim
806 1832 839 1871 eo
861 1816 977 1888 prodita
1000 1815 1079 1877 stilo,
1103 1824 1132 1871 ut
1154 1834 1233 1872 nemo
1256 1817 1353 1874 doctus
1375 1824 1423 1872 aut
1445 1819 1538 1890 gravis
1552 1817 1650 1891 alasque

343 1921 463 1967 ¹nausea
485 1901 574 1976 possit
596 1899 701 1973 legere,
733 1900 848 1974 primum
871 1901 972 1955 maiore
995 1894 1101 1956 delectui
1124 1902 1280 1974 maioreque
1301 1902 1366 1963 srdc,
1396 1902 1459 1957 dein
1482 1899 1609 1958 sermone
1629 1902 1649 1957 si

307 2003 419 2052 §.anon
442 1986 572 2047 facundo,
595 1994 672 2040 certe
694 1985 794 2039 mundo
816 1992 947 2057 castoque
970 1986 1119 2040 tradantur.
1156 1986 1288 2059 Perspicit
1304 1987 1430 2043 nimirum
1447 1993 1493 2042 tua
1509 1987 1674 2061 prudentiatt

364 2073 389 2128 id
413 2072 486 2146 quod
509 2069 680 2126 verissimum
703 2076 761 2130 est,
785 2086 839 2124 non
862 2069 1036 2125 mediocriter
1058 2070 1090 2125 ad
1112 2070 1270 2127 Christianae
1298 2071 1441 2144 religionis
1464 2079 1650 2128 ornamentum

363 2159 466 2218 lacere,
496 2173 530 2212 ne
559 2154 623 2228 quid
652 2153 762 2209 omnino
790 2161 903 2210 canatur
929 2163 975 2209 aut
1004 2153 1112 2227 legatur
1137 2155 1164 2209 in
1188 2154 1295 2229 templis
1318 2156 1391 2229 quod
1413 2173 1470 2211 non
1493 2157 1650 2228 gravissimo

362 2241 577 2313 doctissimoque
604 2240 703 2311 cuique
733 2238 839 2312 placere
870 2245 964 2311 queat,
993 2239 1045 2295 hoc
1071 2248 1114 2295 est
1142 2240 1215 2312 quod
1237 2256 1292 2295 non
1314 2258 1346 2296 ex
1367 2241 1465 2297 divinis
1488 2241 1567 2297 libris
1589 2241 1650 2297 hau·

364 2336 436 2383 stum
467 2326 503 2380 sit
530 2331 577 2380 aut
595 2329 679 2379 certe
700 2340 716 2378 a
739 2323 803 2378 uiris
829 2323 933 2379 eximiis
955 2323 1122 2397 profectum:
1157 2341 1228 2380 nunc
1250 2323 1347 2380 Siculis
1369 2326 1444 2398 quod
1466 2327 1544 2382 aiunt
1566 2326 1650 2400 gerris

364 2411 489 2472 vaniora,
517 2426 589 2464 nunc
610 2407 755 2464 cuiuslibet
777 2407 855 2463 deliri
878 2408 951 2463 senis
973 2409 1123 2464 autetiam
1145 2408 1258 2465 anicula
1280 2411 1384 2465 somnia
1405 2411 1459 2466 buc
1482 2410 1674 2484 irrepseruntlt

309 2505 392 2562 caet
415 2494 502 2551 indies
524 2493 611 2566 magis
633 2510 664 2547 ae
685 2493 772 2565 magis
794 2493 926 2566 irrepunt.
971 2492 1069 2549 Verum
1092 2493 1141 2549 hac
1163 2494 1191 2549 in
1213 2511 1243 2550 re
1265 2503 1395 2568 praestarc
1418 2495 1499 2568 quod
1521 2495 1652 2551 desiderat

363 2579 497 2637 celsitudo
529 2586 589 2639 tua,
619 2577 705 2648 magis
735 2585 801 2651 opto
830 2595 910 2650 quam
932 2595 1060 2651 possum:
1093 2596 1146 2651 ego
1169 2587 1270 2651 prater
1290 2587 1418 2635 conatum
1441 2579 1568 2636 sedulum
1589 2578 1651 2634 nihil

365 2664 511 2739 polliceor:
546 2679 600 2717 non
622 2662 721 2718 desunt
743 2670 833 2718 autem
855 2661 896 2717 vel
924 2663 996 2735 apud
1019 2662 1167 2719 Germanos
1195 2664 1243 2736 qui
1270 2681 1329 2719 mea
1355 2665 1493 2720 sententia
1521 2664 1651 2721 cumulate

365 2748 471 2804 raleaut
495 2747 549 2802 tuis
570 2746 748 2802 sanctissimis
779 2747 849 2802 rotis
878 2746 1050 2811 satisfacere;
1087 2747 1128 2804 rel
1154 2747 1302 2804 lluttenum
1329 2748 1412 2805 hahes
1438 2749 1528 2813 domi,
1556 2749 1652 2822 linguae

296 2834 467 2896 §.undatius
488 2831 622 2888 delicium.
665 2831 771 2887 Interea
792 2832 857 2886 mihi
879 2833 966 2904 magis
987 2831 1054 2887 libet
1076 2832 1125 2888 tibi
1147 2840 1265 2889 mentem
1287 2834 1365 2890 istam
1393 2833 1526 2908 episcopo
1549 2834 1677 2908 dignmnll

365 2934 444 2994 quam
461 2917 598 2974 fortunam
615 2915 763 2990 quamlibet
778 2915 892 2990 amplam
907 2916 1049 2991 gratulant.
1078 2936 1094 2972 o
1110 2916 1215 2974 felicem
1231 2917 1330 2972 Christi
1346 2917 1493 2993 populum,
1518 2919 1542 2974 si
1558 2918 1652 2994 passim

363 3004 505 3076 contingat
528 3002 596 3058 tales
625 3019 685 3057 csse
714 3000 860 3075 praesules,
890 3002 989 3075 quibus
1018 3001 1234 3076 Christi‘gloria
1263 3001 1329 3060 nibil
1358 3003 1394 3059 sit
1423 3005 1580 3078 antiquius,
1610 3004 1652 3078 qui

363 3106 531 3163 gemmarum
554 3087 655 3149 lucem,
679 3087 725 3160 qui
748 3087 807 3142 anri
830 3085 979 3159 fulgorem,
1003 3088 1051 3160 qui
1071 3088 1177 3160 argenti
1194 3088 1324 3151 nitorem,
1348 3089 1394 3161 qui
1410 3088 1485 3162 byssi
1501 3089 1652 3150 mardorum,

364 3176 410 3249 qui
433 3174 506 3230 cocci
531 3174 636 3245 ignem,
659 3171 779 3228 breviter
801 3172 847 3244 qui
864 3179 951 3228 totum
966 3172 1082 3228 daronis
1105 3180 1230 3228 ornatum
1252 3173 1374 3229 moribus
1396 3190 1427 3229 ac
1449 3175 1504 3229 rita
1527 3175 1653 3234 referant.

364 3258 462 3332 quibus
485 3258 566 3314 etiam
589 3257 612 3311 si
635 3255 746 3329 pallium
768 3274 799 3311 ac
822 3256 919 3328 pedum
941 3256 1081 3320 detrahas,
1111 3265 1200 3314 tamen
1221 3258 1367 3331 episcopos
1388 3275 1533 3331 agnoscas.
1578 3259 1607 3313 ln
1629 3262 1683 3314 cett

363 3343 498 3404 Fortuna,
528 3358 607 3415 quam
636 3341 785 3414 antiquitas
812 3358 908 3396 caecam
936 3339 1065 3403 iaciebat,
1095 3340 1201 3397 oculata
1223 3342 1342 3398 ridetur:
1375 3344 1487 3416 generis
1510 3345 1552 3399 tui
1574 3343 1657 3416 longe

362 3427 510 3482 clarissima
539 3433 681 3481 stemmata
710 3442 815 3480 moriam
846 3432 954 3481 tuorum
982 3427 1149 3481 ornamentis
1176 3425 1311 3489 illustram
1344 3428 1544 3502 archiepiscopi
1570 3428 1657 3501 digni·

364 3519 446 3566 tatem
470 3511 539 3565 ritae
568 3510 726 3582 integritate
747 3508 936 3582 conduplicas;
958 3509 1141 3566 cardinalicio
1169 3510 1263 3583 galero
1291 3513 1383 3568 nescio
1412 3512 1477 3585 quid
1504 3513 1657 3568 maiestatis

363 3594 482 3650 additum
503 3594 623 3656 ridetur,
646 3602 823 3668 posteaquam
847 3601 876 3649 tu
900 3611 954 3650 non
977 3595 1118 3650 recusasti.
1155 3594 1224 3662 Quid
1247 3604 1372 3670 superest
1396 3597 1448 3651 nisi
1471 3605 1501 3651 ut
1517 3572 1657 3652 fflrristum

363 3679 495 3752 optimum
518 3680 660 3734 marimum
682 3696 898 3752 comprecemur,
922 3687 953 3734 ut
974 3680 1053 3734 istam
1077 3689 1194 3735 mentem
1218 3680 1280 3742 tihi,
1305 3688 1331 3736 te
1354 3680 1433 3736 uobis
1456 3698 1538 3754 quam
1561 3682 1691 3738 diuus-³⁵

362 3764 541 3820 sime·serret
564 3762 744 3862 incqlumem?
775 3764 894 3818 boranii.
917 3763 959 3819 tl.
981 3762 1089 3819 Caleud.
1112 3764 1256 3820 lanuarias.
1279 3766 1357 3821 huno
1380 3765 1543 3821 ttttxt'ttt.

429 4030 437 4064 ¹
463 4027 655 4080 Cardinalitiae
667 4028 701 4078 B.
770 4027 898 4095 ⁴motus]
917 4035 1056 4095 permotus
1068 4030 1102 4080 B.
1122 4047 1148 4080 n.
1160 4046 1185 4080 r.
1197 4028 1233 4096 o.]
1253 4032 1484 4082 reverendissima
1502 4039 1554 4082 tus
1572 4034 1656 4084 domi·

261 4107 271 4130 ‘
361 4117 446 4167 natio.
516 4111 602 4179 ⁸illc]
621 4114 710 4163 Leoni
728 4115 762 4163 X.
782 4113 923 4176 adulatur,
943 4130 997 4166 non
1015 4115 1152 4185 Christum
1172 4114 1298 4165 celebrat
1315 4115 1373 4166 h.l.
1445 4115 1467 4148 ¹⁰
1483 4117 1604 4167 deamen
1623 4118 1654 4168 B.

359 4201 377 4234 ¹¹
398 4200 591 4251 solicitudlucs
609 4198 643 4248 B.
726 4197 746 4230 ¹⁹
771 4198 870 4248 frivola
893 4198 996 4249 Siculis
1019 4201 1107 4265 gerris
1129 4201 1255 4250 vaniora.
1279 4201 1376 4250 Ausona.
1401 4216 1443 4266 ep.
1463 4203 1499 4251 ad
1515 4202 1655 4266 symmach.

355 4288 456 4351 grypho
473 4287 598 4350 proenrias.
667 4280 689 4313 ²¹
708 4283 795 4345 Quasi
810 4284 927 4333 Hutteni
943 4285 1011 4334 vitis
1029 4289 1186 4335 sanctorum
1204 4285 1385 4335 recensendis
1402 4289 1498 4350 aptum
1515 4287 1655 4352 ingenium

360 4371 474 4434 fnisset,
499 4370 571 4435 quod
593 4383 740 4433 numquam
763 4369 894 4418 Erasmus
918 4373 967 4417 aut
991 4369 1100 4420 sincere
1122 4370 1229 4419 amavit
1251 4374 1300 4417 aut
1321 4385 1387 4419 vere
1406 4371 1572 4421 aestimavit:
1601 4387 1654 4420 mn·

359 4462 434 4506 tuum
457 4456 537 4506 scobi
559 4452 647 4505 voluit
671 4453 877 4504 Roterodamus.
952 4449 974 4482 ²⁵
997 4453 1097 4504 Aaron.
1117 4450 1219 4519 ornat]
1244 4454 1288 4503 Cf.
1306 4453 1394 4504 Exod.
1413 4454 1543 4504 XXVIII.
1563 4457 1587 4504 l.
1598 4472 1652 4520 sqq.

359 4538 492 4604 Fortuna]
512 4537 833 4605 Cf.hpul.hletamorph.
844 4536 1008 4602 Vledld.
1017 4538 1192 4590 ecbOndend.
1207 4537 1358 4589 etHntteni
1371 4538 1439 4588 dial.
1453 4537 1569 4588 Fortun.
1583 4542 1607 4600 θ.
1617 4538 1651 4588 ll.
