3917 5950
407 607 480 682 250
577 622 633 678 CX.
653 643 776 680 HVTTENI
789 642 826 681 Au
838 643 957 682 stenar.
971 645 1093 684 HOGVN'I'·
1108 647 1137 684 ΙΝ
1150 649 1251 687 uvir!
1264 649 1350 687 1²er·
1369 651 1453 688 ΝΛΜ.
1467 644 1528 692 1610.

406 799 456 879 qrri
478 797 529 861 tibi
552 798 692 861 offeratur
714 799 824 881 tibique
848 802 999 863 dedicetur
1021 780 1063 863 ae·
1077 809 1127 864 tuo
1150 805 1199 884 qui
1221 812 1363 884 praetento
1379 809 1499 870 nomine
1515 810 1545 869 in
1562 810 1697 872 manibus

405 900 558 962 habeatur.
596 902 775 974 Quinetiam,
799 906 823 964 si
845 904 965 965 liberius
987 904 1083 966 adhue
1105 907 1205 967 aridire
1227 925 1275 967 me
1297 911 1436 979 sustines,
1467 910 1565 972 (liram
1587 930 1645 971 non
1668 915 1696 974 in

406 1004 511 1063 inlunis
533 1022 597 1062 esse
621 1004 746 1091 sortione
768 1013 825 1066 tuae
846 1007 977 1074 dotibus,
1002 1008 1081 1087 quod
1103 1013 1132 1067 et
1153 1007 1210 1068 lioe
1232 1014 1364 1089 terrrpore
1386 1018 1415 1069 et
1430 1017 1481 1070 tuo
1497 1030 1566 1072 eum
1583 1013 1696 1075 honore

350 1106 395 1157 §.a
407 1112 510 1165 anetus
538 1106 575 1164 sit
602 1107 805 1168 inrietissimus
833 1108 960 1169 historiae
989 1109 1131 1169 eonditor.
1178 1110 1281 1189 quodsi
1303 1110 1463 1172 reclament
1486 1134 1522 1175 ex
1546 1117 1694 1174 centurio-

404 1205 492 1267 nilius
513 1207 631 1285 (pridem
653 1208 727 1270 elerii
749 1218 799 1270 aut
821 1210 927 1290 alloqui
950 1210 1025 1271 male
1048 1209 1172 1271 consulti
1192 1211 1340 1281 hominen,
1363 1214 1551 1289 ingeniorum
1568 1216 1715 1277 levantess

352 1300 356 1308 ’
404 1293 529 1390 palmam
553 1333 587 1374 ae.
608 1313 639 1371 in
661 1313 799 1372 rarieesis
813 1314 874 1372 suis
889 1312 1040 1382 erurilius,
1065 1312 1179 1373 callosis
1194 1313 1329 1374 manilius
1344 1332 1430 1374 enine
1446 1315 1552 1385 decus,
1578 1336 1696 1378 omnem

404 1424 547 1492 ponentes
571 1414 806 1492 amplitudinem,
836 1413 1007 1475 olriieiemus
1035 1414 1237 1475 balatronibns
1259 1415 1406 1485 Tacitum,
1436 1419 1558 1478 minime
1587 1419 1696 1480 malum

404 1517 473 1577 olim
495 1517 696 1577 llomanorum
719 1518 941 1594 imperatorem,
964 1509 1022 1594 'qui
1043 1518 1067 1576 si
1090 1518 1160 1577 tanti
1190 1515 1258 1578 lecit
1281 1516 1447 1578 Cornelium
1471 1519 1624 1589 Tacitum,
1653 1520 1694 1581 hi·

404 1622 501 1680 stoi-ie
524 1626 553 1678 et
575 1621 669 1696 ipsum
692 1619 881 1695 scriptorem,
911 1624 944 1677 ut
966 1619 1028 1677 eius
1050 1636 1081 1679 se
1104 1619 1209 1697 eupide
1232 1621 1318 1679 etiam
1340 1618 1456 1679 familiae
1477 1621 1638 1689 insereret,
1662 1642 1695 1681 ae

403 1726 516 1781 tautum
539 1718 740 1798 p1·n·.reren‹tus
769 1726 812 1779 est
839 1719 939 1782 Tacite
961 1702 1072 1787 mis,
1102 1728 1244 1799 qrrautum
1266 1721 1450 1781 doctissimus
1472 1724 1600 1802 quisque
1621 1723 1726 1783 iudi-n

403 1828 464 1890 eat,
495 1821 564 1900 qnid
587 1820 655 1883 huic
678 1827 780 1882 nostro
809 1820 910 1882 delieri
939 1821 1182 1891 existimabimus,
1212 1827 1320 1903 ‹luanta
1347 1840 1413 1881 enm
1442 1822 1604 1884 ambitione
1633 1826 1694 1884 eius

349 1925 393 1976 Μ·
405 1924 578 2004 captandam
601 1924 867 2003 propinquitatem?
899 1903 1031 1984 Primum
1058 1926 1136 1984 enim
1158 1925 1289 1984 Asinium
1316 1924 1477 1986 Pollionem
1505 1943 1564 1985 non
1595 1926 1693 1987 andie-

403 2044 468 2086 mus
483 2027 701 2087 Patavinitatem
723 2025 763 2085 illi
785 2043 868 2085 snam
891 2024 1091 2095 obileieutenr;
1115 2024 1283 2098 Quintiliani
1297 2028 1472 2086 sententiam
1490 2027 1692 2104 probabimus

402 2129 452 2206 (μή
474 2127 663 2188 ediscendum
691 2128 791 2205 pueris
819 2126 900 2186 illum
921 2128 1026 2195 suasit,
1057 2133 1086 2187 et
1108 2126 1209 2187 Caium
1237 2127 1399 2206 principem
1427 2127 1634 2197 irridelrimus,
1664 2136 1694 2188 nt

402 2229 559 2290 rerliosum
583 2228 661 2289 illum
685 2231 890 2296 insectantenr;
924 2235 1028 2288 eontra
1050 2229 1173 2304 Augusti
1193 2229 1341 2289 lenitatem
1356 2222 1493 2289 laudibus
1508 2231 1690 2300 extollemus,
1702 2249 1723 2288 is

401 2331 480 2409 quod
503 2330 644 2410 aquilem
667 2332 746 2391 lmne
774 2331 838 2392 tulit
865 2332 946 2390 enini
974 2330 1161 2391 veliementer
1190 2337 1297 2391 eorratu
1324 2331 1509 2411 Pompeianis
1537 2333 1636 2393 lavere
1663 2335 1691 2392 in

401 2431 521 2492 historia
550 2433 697 2511 partibus,
727 2432 857 2512 nihilque
884 2432 949 2494 illos
984 2450 1098 2492 errasse
1127 2432 1258 2492 dieernus
1285 2432 1398 2493 noliiles
1427 2433 1602 2503 Gaditanos,
1632 2436 1691 2512 qui,

400 2551 460 2593 nou
483 2541 515 2594 ut
537 2536 661 2595 inaximo
682 2535 837 2595 llorentem
860 2542 930 2594 tune
951 2534 1076 2594 ltomam
1097 2534 1244 2601 riderent,
1274 2535 1326 2595 sed
1348 2540 1379 2594 ut
1401 2533 1434 2594 T.
1458 2534 1573 2595 Livium
1599 2534 1691 2595 lar-teo

401 2634 574 2713 eloquentiae
597 2634 676 2696 leude
699 2643 865 2696 manantem
889 2636 930 2713 (ut
944 2637 1140 2714 lliorouymus
1155 2637 1257 2715 inquit)
1274 2642 1503 2712 cognose-erent,
1527 2641 1610 2697 tanto
1625 2654 1691 2715 per-

400 2735 477 2797 lecto
499 2739 601 2798 itinere
616 2738 741 2799 Romam
764 2744 922 2806 venerunt,
945 2757 980 2798 ae
1002 2737 1144 2817 quosdam
1161 2737 1241 2797 haud
1256 2743 1478 2797 contemnemus
1492 2746 1575 2797 reete
1591 2738 1722 2798 doctosro

399 2838 492 2907 viros,
522 2842 572 2919 qui
600 2843 663 2900 ausi
691 2847 759 2900 suut
785 2841 824 2900 ita
852 2842 975 2908 sentire,
1005 2841 1102 2918 ipsum
1129 2838 1303 2937 llieerotm
1330 2839 1482 2899 historiam
1512 2839 1646 2901 seribere
1667 2842 1691 2900 si

345 2939 551 3012 §.t-voluisset,
576 2950 654 3003 tanta
678 2941 820 3019 elegantia
842 2960 901 3002 uon
924 2942 1062 3021 potuisse.
1107 2941 1186 3018 Ergo
1209 2943 1247 3002 ita
1270 2941 1432 3002 honoratus
1453 2947 1498 3002 est
1519 2941 1633 3011 Livius,
1661 2949 1693 3002 ut

398 3048 442 3112 te,
472 3047 556 3105 euius
583 3044 638 3130 suli
666 3047 784 3105 nomine
813 3044 955 3120 ‹livulgari
983 3046 1107 3104 sustinet
1138 3042 1235 3122 (modo
1264 3043 1340 3103 udus
1367 3050 1410 3103 est
1437 3042 1494 3102 lioe
1522 3044 1552 3103 in
1581 3062 1691 3120 genere

398 3144 508 3215 honor,
539 3149 588 3225 qni
614 3149 814 3224 permaximus
842 3151 922 3206 eerte
950 3144 1002 3223 est)
1032 3144 1174 3206 honestet.
1220 3146 1334 3205 tiamsi
1364 3150 1391 3203 te
1419 3145 1501 3214 novi,
1531 3162 1592 3203 non
1620 3147 1693 3204 tanti

398 3254 448 3307 aut
476 3247 755 3327 archiepiscopalem
783 3249 854 3308 laris
882 3249 998 3306 mitram
1021 3253 1071 3307 aut
1093 3245 1307 3306 cardinalitium
1330 3247 1456 3321 astirnas
1476 3243 1628 3321 galerum,
1660 3254 1723 3307 utu

344 3357 390 3408 tt.
400 3351 500 3408 ornari
528 3357 673 3429 utrunque
701 3351 870 3425 dignitatem
896 3349 1014 3422 ingenio
1042 3367 1077 3407 ae
1105 3347 1196 3407 literis
1227 3366 1314 3426 posse
1343 3364 1443 3423 trogus.
1494 3347 1571 3418 Quid
1602 3347 1692 3408 lacios

398 3451 474 3509 enim
497 3452 526 3509 iu
543 3451 622 3510 lirin
638 3458 760 3511 ornatus
782 3452 805 3510 si
828 3450 933 3517 fueris,
957 3455 1127 3509 consumta
1149 3449 1317 3528 profuderis
1339 3449 1396 3508 iam
1418 3467 1435 3508 a
1457 3466 1504 3508 me
1527 3448 1617 3518 semel
1642 3455 1693 3509 aut

397 3553 504 3612 iterum
526 3552 676 3613 laudatus?
710 3555 765 3613 uisi
788 3552 865 3612 haud
882 3552 961 3612 Livio
985 3558 1137 3629 acceptum
1160 3550 1231 3610 lerri
1247 3549 1349 3618 debet,
1373 3541 1512 3629 quiequid
1528 3558 1586 3618 est,
1611 3552 1691 3629 quod

396 3660 464 3713 ante
487 3652 566 3713 illuni
590 3654 730 3733 praelator
752 3654 870 3733 aliquis,
900 3672 946 3713 me
969 3655 1130 3730 interprete
1151 3669 1231 3712 nunc
1253 3653 1361 3712 etenim
1383 3650 1419 3710 alr
1443 3650 1544 3711 interis
1566 3651 1631 3710 liaeo
1654 3653 1690 3712 ad

396 3762 424 3814 te
442 3775 495 3814 ron
511 3762 562 3815 est.
602 3757 709 3816 Verum
726 3757 860 3832 agnoscis
881 3773 958 3824 rem,
983 3760 1071 3832 atque
1094 3755 1181 3829 igitur
1204 3752 1280 3813 liene
1303 3751 1407 3821 habet,
1430 3751 1512 3812 loves
1534 3760 1566 3811 tu
1589 3751 1723 3820 liturasse

396 3863 425 3916 et
447 3858 562 3937 ornaris
584 3857 620 3917 ab
644 3857 688 3918 nis
712 3859 849 3918 vicissim:
883 3863 981 3916 aetum
1003 3863 1047 3915 est
1068 3856 1104 3915 de
1128 3854 1281 3923 liarlrarle,
1305 3853 1447 3914 haetenus
1464 3852 1611 3913 viluerunt
1627 3861 1689 3913 stu·

327 3982 346 4033 ς,
356 3986 385 4026 10,
396 3959 458 4026 dia;
487 3960 599 4019 reditur
621 3962 657 4021 ad
680 3980 778 4020 reram
803 3959 1011 4026 eruditionem,
1036 3955 1210 4017 excoluntur
1233 3956 1358 4032 ingenia.
1396 3954 1457 4014 lam
1479 3953 1528 4013 diu
1550 3957 1689 4034 estquod

394 4062 499 4139 cupide
527 4068 642 4139 tempus
671 4068 805 4140 expertat
833 4062 943 4128 lirim,
980 4078 1038 4141 quo
1067 4078 1147 4119 nune
1174 4057 1280 4117 oborto
1309 4057 1437 4132 gestiens
1469 4074 1504 4115 ae
1533 4054 1630 4117 laetitio
1662 4066 1690 4117 et

373 4148 376 4157 ¹
394 4165 455 4241 ipse
472 4164 601 4224 treinens
616 4182 680 4224 sese
696 4164 795 4231 edu-t,
819 4164 949 4240 petitque
964 4160 1092 4221 dedicari
1108 4160 1252 4227 maximo,
1275 4177 1336 4218 non
1358 4160 1386 4218 in
1402 4156 1483 4218 ltalia
1499 4156 1608 4226 Leoni,
1632 4161 1691 4219 iam

391 4334 601 4343 ——-——-

460 4452 582 4501 8Τηοίι.
598 4449 672 4516 impl
687 4451 724 4500 cl.
738 4450 816 4500 Flav.
830 4450 941 4514 Vopise.
956 4450 984 4497 in
996 4448 1088 4497 Toeit.
1104 4445 1143 4496 10.
1197 4445 1389 4511 ⁹scriptorum
1402 4449 1427 4495 ⁵.
1482 4441 1690 4512 “Asturum

394 4538 430 4587 cl.
446 4537 611 4598 Quintilian.
627 4538 691 4585 inst.
706 4552 743 4584 or.
758 4533 1002 4598 1.5‚se.v111.1,o.
1062 4528 1268 4596 ¹³Quintilian.]
1282 4532 1350 4580 Inst.
1365 4547 1402 4580 or.
1417 4529 1529 4593 11.5,e.
1579 4529 1601 4562 ¹⁴
1613 4530 1690 4580 illurn

394 4622 488 4685 pueris
503 4624 561 4669 ts.
633 4618 741 4684 Caium]
761 4620 797 4669 ef.
819 4620 930 4669 Sueten.
951 4617 1042 4680 Catig.
1061 4615 1102 4666 34.
1173 4614 1195 4648 ¹³
1217 4613 1347 4681 Augusti]
1366 4614 1690 4665 el.Taeit.A11nnl.ll'.

392 4703 433 4752 34.
504 4703 524 4734 ¹⁷
549 4703 714 4768 Gaditanos]
734 4705 771 4753 ef.
789 4704 860 4754 Plin.
876 4705 956 4769 epist.
970 4699 1066 4763 11.3‚s.
1081 4700 1236 4750 etllieron.
1249 4700 1303 4751 lo
1346 4700 1477 4764 Godqni
1495 4715 1564 4761 nen,
1586 4704 1686 4749 utm.

393 4786 414 4819 ¹⁸
427 4786 579 4847 „illaliirii
593 4788 686 4837 lactea
700 4789 830 4837 ubertos'‘
843 4788 1008 4850 Quintilian.
1016 4787 1080 4836 inst.
1089 4784 1239 4846 or.x.t,or.
1296 4782 1317 4815 ¹⁹
1329 4781 1500 4848 Hieronym]
1513 4786 1596 4850 epist.
1603 4785 1645 4835 53.
1654 4784 1688 4834 ad

391 4871 865 4936 Poulin.(l.p.‘27l.ed.lllortinn.)
916 4870 938 4903 ²⁸
951 4872 1147 4937 permaximus
1161 4871 1186 4919 4.
1240 4867 1507 4933 ²¹³utrumqtte2...5.
1546 4869 1649 4920 litteris
1662 4873 1687 4919 4.

334 4947 339 4953 ’
391 4955 570 5007 ”serrem
624 4954 647 4987 ³⁰
665 4956 774 5007 litteras
787 4958 845 5008 Η.
898 4955 1172 5023 ”exspectat2...5.
1216 4951 1358 5005 ”seda
