3917 5950
410 618 455 688 ll)
577 633 622 682 VI.
636 646 673 680 nn
686 644 912 681 uosrocumnurs
926 645 968 679 ur.
984 646 1009 678 n.
1026 637 1137 678 terrun
1149 644 1174 677 n.
1184 636 1242 677 loto.
1264 644 1318 678 cvii
1332 641 1544 676 uernaerrcurs.

435 988 594 1023 uosrocnrr.
1020 949 1086 1024 VI.
1143 998 1151 1009 ·
1504 977 1536 1014 15.
1558 984 1617 1016 rici
1637 976 1696 1016 ¹510.

678 1127 719 1181 m
741 1124 973 1181 sruccrmmos
996 1089 1151 1181 crinisu
1174 1121 1427 1179 nosrocmcusis

795 1256 917 1317 vinici
940 1256 1104 1318 uvrrum
1128 1255 1309 1317 nusrom

757 1396 821 1437 CVM
851 1393 1090 1439 Turnusrtcurs
1119 1398 1153 1437 tu
1182 1394 1349 1438 smarnos

492 1547 567 1610 Nihil
590 1567 606 1608 a
629 1567 676 1607 me
691 1546 778 1607 scribi
794 1546 850 1607 hac
865 1541 1047 1651 instate,
1070 1546 1141 1607 nihil
1161 1566 1236 1624 pene
1252 1547 1308 1607 dici
1324 1546 1419 1615 debet,
1443 1546 1495 1604 riri
1511 1547 1719 1615 ornatissimi?

405 1653 468 1713 sine
489 1651 576 1711 vestri
599 1650 720 1709 lionoris
742 1649 919 1725 praelatione.
964 1649 1076 1709 Cum
1061 1651 1137 1709 enirn
1165 1650 1261 1709 liiemc
1282 1651 1427 1727 praeterita
1454 1652 1484 1710 in
1510 1649 1698 1726 spoliatorem

406 1754 538 1814 lossium
560 1751 736 1819 incidissem,
760 1752 914 1831 nudusque
936 1750 971 1810 ad
994 1769 1046 1811 ros
1068 1752 1256 1818 diieitercm,
1280 1758 1309 1811 et
1330 1752 1490 1812 honorifice
1509 1769 1574 1810 sum
1599 1768 1698 1811 susce

351 1879 397 1930 §.a
407 1863 483 1935 ptus,
506 1861 535 1915 et
556 1853 672 1914 habitus
687 1851 854 1913 liberaliter
879 1854 988 1931 Scripsi
1009 1854 1133 1933 itaque'
1125 1854 1160 1913 iis
1175 1853 1286 1922 diebus,
1310 1872 1384 1932 quos
1398 1853 1474 1932 apud
1491 1873 1540 1913 ros
1555 1854 1699 1913 lmmauas

404 1957 516 2019 litteras
537 1956 689 2033 pniiessus
710 1974 786 2024 sinn,
809 1939 923 2032 Elegias
945 1955 1122 2061 quasdam
1108 1955 1144 2015 ad
1167 1955 1296 2015 diuersos
1318 1954 1355 2015 de
1377 1955 1492 2014 loctuna
1515 1973 1595 2023 mea;
1625 1973 1698 2033 quas

404 2060 484 2120 ulti
478 2077 507 2119 m
529 2058 662 2135 ordinem
685 2075 891 2135 congesseram
913 2064 1000 2135 utque
1023 2024 1151 2117 edenclas
1172 2058 1284 2134 putati,
1311 2055 1394 2116 robis
1415 2074 1586 2134 nuncupare
1610 2055 1694 2115 colui.
1709 2081 1732 2118 m

405 2161 480 2232 Ouid
503 2161 581 2221 enirn
603 2178 669 2219 meo
692 2160 814 2219 carmini
836 2158 975 2236 amplius,
1006 2159 1075 2238 quid
1098 2159 1292 2219 honorificum
1314 2160 1406 2236 magis
1433 2159 1566 2241 accidere
1587 2167 1696 2237 posset,

351 2262 493 2343 §.equam
515 2268 663 2322 tantorum
686 2261 815 2320 virorum
839 2260 1040 2339 prescriptio?
1061 2261 1156 2338 Atque
1178 2279 1213 2320 co
1236 2261 1328 2339 magis
1349 2259 1452 2321 solatio
1474 2262 1532 2322 hoc
1547 2262 1617 2322 milii
1633 2282 1698 2322 esse

404 2364 501 2433 debet,
524 2382 583 2443 quo
604 2381 704 2423 cares
724 2361 862 2423 aemulum
885 2381 993 2431 meum,
1017 2363 1066 2441 qni
1087 2369 1230 2440 perpetuo
1250 2362 1379 2442 quodam
1393 2363 1504 2434 odinin
1520 2383 1568 2423 rne
1584 2366 1696 2434 iurarit,

404 2465 611 2532 inflammabit,
641 2465 792 2543 magisque
813 2483 848 2525 ac
870 2464 962 2542 magis
985 2465 1021 2524 ad
1044 2463 1232 2539 iugidendum
1253 2463 1398 2525 excitabit.
1443 2465 1505 2543 Ego
1528 2465 1697 2527 mehercule

404 2566 513 2629 nullam
535 2567 653 2627 maioris
675 2565 815 2626 ultionem
838 2566 911 2626 iacio
934 2545 1026 2645 quani
1044 2584 1108 2627 eam
1137 2584 1193 2644 qua
1215 2567 1348 2626 inimicos
1375 2574 1491 2627 nostros
1520 2569 1696 2628 conscientia
1709 2596 1731 2631 n

350 2667 550 2746 §amalorum
572 2686 694 2728 suorum
716 2668 805 2745 pungi
829 2668 1031 2746 macerarique
1052 2664 1223 2728 insultantes
1246 2669 1374 2743 ierimus.
1411 2669 1540 2746 Accipite
1556 2688 1627 2747 ergo
1644 2670 1698 2729 hos

405 2769 595 2843 Querelarum
617 2768 709 2829 libros
732 2769 783 2845 (sic
805 2771 883 2829 enirn
905 2768 1066 2829 inscribere
1088 2769 1181 2829 risum
1203 2771 1255 2848 est)
1284 2777 1370 2849 atque
1392 2773 1430 2830 ita
1453 2772 1589 2849 accipite,
1619 2782 1650 2831 ut
1673 2773 1696 2830 si

404 2873 554 2951 ingenium
576 2854 635 2930 non
658 2870 776 2931 omnino
799 2870 942 2948 probetis,
966 2888 1083 2930 causam
1105 2869 1207 2932 saltem
1230 2889 1338 2941 meam,
1361 2890 1426 2950 quae
1449 2874 1579 2947 omnium
1599 2882 1697 2934 restro

350 2976 510 3052 §.sindicio
533 2976 648 3064 optima·
662 2970 834 3051 iampridem
858 2991 944 3033 censa
967 2980 1027 3042 est,
1055 2972 1227 3034 defendatis.
1269 2975 1393 3035 Adiunxi
1415 2974 1595 3036 Tetrasticha
1618 2995 1696 3054 quae·

403 3078 471 3138 dam
493 3079 522 3136 in
544 3076 682 3155 singdos,
706 3076 843 3153 exiguum
865 3092 920 3152 pro
943 3081 1022 3134 tanta
1043 3082 1139 3136 vestra
1161 3075 1367 3140 benevolentia,
1382 3095 1504 3146 mutnus,
1534 3084 1566 3137 ut
1587 3078 1698 3138 scilicet
1707 3110 1731 3147 ¹10

403 3178 577 3257 intelligeret
599 3176 739 3256 spoliator
762 3195 845 3237 meus
868 3183 896 3237 et
917 3178 940 3238 si
963 3176 1029 3256 quis
1050 3177 1120 3237 item
1141 3185 1262 3239 nasutus
1276 3180 1441 3247 accesserit,
1465 3185 1523 3239 tarn
1539 3199 1586 3239 ine
1603 3180 1696 3240 licinus

402 3279 521 3342 laudare
544 3299 632 3359 quarn
654 3280 819 3357 vituperare
841 3277 942 3354 malos.
987 3277 1086 3339 Valete
1108 3286 1137 3339 et
1158 3279 1318 3341 lluttcnum
1340 3287 1469 3341 restrum
1491 3280 1578 3360 legito
1609 3290 1696 3361 atque

402 3384 532 3444 tuemini.
571 3382 613 3442 Ex
636 3382 750 3442 officina
772 3399 837 3472 mea
859 3379 999 3442 litteraria
1020 3380 1171 3441 Rostocliii
1193 3380 1291 3442 lilibus
1313 3381 1386 3444 lulli.

920 3568 1170 3610 rurensrrcnou

615 3689 618 3696 ι
656 3669 687 3736 [t]
722 3669 772 3719 ΑΙ)
792 3669 1022 3720 GERHARDVM
1039 3669 1231 3720 PHRILLVM
1249 3671 1345 3722 Theol.
1364 3673 1436 3722 doct.

554 3772 697 3851 Quicquid
720 3773 796 3833 inest
818 3771 921 3838 Musis,
944 3770 1082 3850 quicquid
1106 3770 1186 3831 dedit
1207 3773 1298 3833 Attica
1321 3772 1423 3844 Pallas,

626 3874 769 3954 Quodque
790 3874 877 3951 putes
898 3872 1008 3932 Clarias
1028 3871 1153 3951 psallere
1175 3892 1262 3951 posse
1283 3875 1364 3945 tides,

554 3977 678 4038 Naturae
700 3994 801 4037 rerum
824 3981 853 4035 et
874 3991 1049 4051 magnorum
1072 3975 1199 4035 archano
1222 3976 1355 4047 deorum,

625 4080 734 4139 Cuncta
756 4076 842 4137 simul
864 4075 949 4135 docta
971 4081 1069 4134 mente
1090 4074 1236 4137 Plierillus
1256 4077 1354 4138 habet.

805 4263 852 4312 ιιι.
875 4260 908 4311 1.
923 4226 1027 4310 ..ιε
1042 4261 1147 4311 nurus
1164 4263 1202 4312 no.
1221 4264 1288 4314 1111.

467 4436 584 4502 ⁵paene
603 4439 628 4484 2.
638 4438 665 4484 3.
729 4433 740 4464 ⁷
761 4435 804 4482 De
823 4434 931 4483 Lossiie
954 4432 1050 4496 (th,
1069 4432 1175 4495 noue),
1195 4433 1333 4504 wedego,
1358 4433 1573 4500 burgimagiatro
1592 4445 1621 4486 et
1639 4437 1695 4487 filio

400 4523 460 4572 eius
478 4522 635 4585 Henuingo‚
655 4520 724 4569 iuris
741 4519 854 4569 doctore
873 4524 902 4568 et
918 4517 1084 4584 professore,
1105 4515 1412 4581 Gryphiswaldeneibus
1434 4522 1504 4569 satia
1529 4526 1640 4571 constat
1663 4537 1695 4571 ox

398 4605 535 4656 nonnikii
547 4605 619 4655 libro
632 4602 670 4668 (p.
683 4619 745 4654 cxv.
760 4619 819 4668 sqq.
833 4608 862 4653 et
873 4601 942 4653 358.
958 4638 965 4652 .
978 4642 986 4655 .
999 4599 1068 4667 362),
1089 4615 1203 4666 quocum
1216 4602 1253 4652 cf.
1267 4603 1438 4669 lioregartem
1459 4606 1547 4656 uesci.
1560 4607 1609 4656 der
1623 4597 1694 4657 b'n'ia.

401 4690 478 4752 Gsew.
499 4686 907 4753 ts57.4⁰.1.p.1n5.aq.tou.
953 4686 1119 4736 ⁹literas-3.
1173 4684 1192 4717 ¹¹
1211 4689 1284 4754 meg<
1298 4692 1322 4737 1.
1343 4704 1423 4754 mage
1437 4693 1462 4739 2.
1521 4689 1542 4723 ¹¹
1562 4688 1693 4741 solatiis.

399 4772 420 4804 ¹³
438 4773 564 4823 Emulum
579 4776 602 4821 1.
657 4770 677 4802 ¹⁹
695 4772 795 4821 iuditio
815 4775 839 4821 1.
905 4769 1102 4823 ''Tetrastica
1121 4774 1147 4821 3.
1212 4771 1232 4804 ²¹
1252 4774 1305 4823 etsi
1324 4774 1386 4839 quis
1404 4778 1429 4825 2.
1493 4772 1642 4840 15ΡΙιιὶΠ.]
1661 4795 1696 4819 =
1741 4756 1745 4764 ⁴

398 4857 516 4915 Frilden,
540 4858 659 4912 Vendere,
683 4857 777 4910 Vrelle.
802 4858 936 4920 erldcn,
956 4873 982 4905 a.
997 4855 1071 4905 ltus.
1091 4862 1182 4907 rector
1195 4857 1471 4923 Grypliiswuldensis,
1490 4861 1605 4910 moritur
1623 4862 1696 4909 inter

399 4939 808 4991 etatt.e21520.ct.ntonnrce
820 4939 911 5006 pauo.
947 4939 970 4972 ¹⁸
982 4941 1188 5006 Quidquid2.3.
1201 4947 1371 4994 etelectutin
1382 4953 1449 5010 post.
1479 4945 1501 4977 ²⁸
1514 4960 1620 4995 arcena
1633 4949 1658 4994 2.
1668 4949 1693 4995 3.
