3917 5950
443 640 503 695 cn.
517 657 690 697 scnvrnnsn
702 658 805 695 srznur
819 656 848 695 nt
862 658 997 695 rnrvrrrn.
1010 658 1139 695 cremor.
1154 658 1240 695 ross.
1255 659 1289 695 nr
1302 660 1376 696 nrrn.
1392 645 1460 696 1518?
1529 631 1603 704 237

308 831 388 874 nem.
436 821 465 874 et
487 832 554 874 curn
577 815 686 892 passim
708 812 857 874 Bonnense
880 812 976 875 scelus
999 823 1168 884 caneretur,
1199 813 1417 875 dissimulabam
1440 835 1603 896 equorum

310 913 476 976 colluvione
504 917 646 976 immensa
673 933 766 993 prope
794 934 828 977 ae
858 916 976 993 pessimi
1004 914 1129 994 exempli
1156 916 1268 995 scelera
1295 916 1520 994 produxissent,
1554 939 1604 979 eos

310 1015 389 1094 apud
418 1035 474 1076 nos
504 1016 605 1095 angeri
634 1017 810 1085 honoribus,
844 1016 937 1076 dotari
965 1016 1139 1076 nmncribus
1167 1037 1200 1077 ac
1227 1018 1389 1079 redditibus
1420 1018 1602 1097 locupletari.

309 1135 402 1198 porro
425 1117 497 1178 illud
518 1117 703 1187 metuebam,
726 1136 764 1178 ne
786 1125 955 1194 erumperet
977 1118 1006 1176 id
1030 1118 1180 1178 hominnm
1196 1137 1289 1196 gertus
1304 1120 1457 1179 censendis
1473 1122 1661 1181 meritust-⁴·

293 1237 348 1279 sac
370 1220 474 1279 studiis
495 1212 608 1279 nostris
625 1219 743 1297 praefici.
781 1219 973 1296 dilligebatnr
991 1219 1101 1278 interea
1117 1218 1212 1279 horrus
1228 1219 1373 1298 Gapnion;
1398 1222 1459 1298 ipse
1474 1229 1605 1282 nostram

310 1322 404 1381 viceni
428 1319 579 1388 dolebam,
603 1328 632 1380 ct
653 1339 770 1381 mecum
792 1321 914 1380 insontis
930 1338 1030 1381 casum
1045 1320 1219 1397 indignabar
1234 1323 1327 1381 amici.
1367 1321 1467 1400 Neque
1487 1325 1605 1400 segnius

310 1429 396 1500 parta
418 1423 477 1481 iam
499 1424 619 1483 victoria
641 1421 755 1489 exulto,
790 1429 822 1481 ut
851 1422 901 1498 qui
923 1421 952 1478 in
975 1423 1094 1481 exitium
1118 1422 1311 1498 pessimorum
1338 1422 1490 1482 hominnm
1518 1423 1604 1484 latam

310 1527 371 1585 iarn
393 1524 569 1602 patefactam
592 1524 749 1584 fenestram
770 1523 897 1582 videam:
922 1523 1030 1600 quippe
1045 1522 1157 1581 'furcas
1172 1540 1247 1599 nego
1263 1530 1313 1582 ant
1327 1524 1485 1583 ardentiori
1501 1526 1605 1602 dignos
1615 1532 1661 1581 §.t

312 1625 381 1685 odio
404 1632 455 1684 aut
477 1625 580 1684 maiori
603 1623 817 1702 oppugnandos
839 1643 944 1703 opere:
967 1623 997 1682 hi
1019 1630 1100 1691 sunt,
1124 1623 1231 1701 quibus
1247 1632 1412 1702 temporum
1428 1625 1604 1686 insaniebam

293 1733 394 1788 erecta
416 1725 511 1786 studia
540 1728 728 1791 interierunt.
761 1724 853 1785 hteras
880 1724 1058 1802 proudeatae
1086 1731 1167 1793 sunt,
1201 1725 1294 1784 divina
1324 1725 1468 1804 theologia
1497 1727 1534 1786 ad
1561 1729 1603 1786 in-

311 1826 415 1889 utilem
448 1825 668 1906 loquacitatem,
703 1845 801 1886 meras
833 1845 940 1903 nugas,
973 1826 1064 1886 aniles
1092 1826 1215 1904 ineptias
1247 1827 1359 1886 recidit.
1415 1827 1513 1887 Latius
1547 1830 1660 1888 lanice.

313 1946 437 2007 crsgor,
459 1946 516 1989 nec
538 1948 588 1988 ros
610 1928 695 2006 pigre
717 1928 888 2006 agnoscitis,
912 1927 1120 2005 'llrcologistm
1143 1935 1247 1986 vestrm
1270 1927 1351 1987 robis
1373 1927 1466 2005 eulpae
1488 1931 1605 1990 conscii.

313 2014 422 2109 quihus
444 2030 576 2106 proiecto
598 2027 693 2088 laetius
714 2029 786 2088 nihil
808 2030 937 2097 orninor‚
968 2047 1056 2106 quam
1080 2035 1111 2088 ut
1133 2047 1271 2106 regnasse
1295 2048 1345 2088 ros
1367 2029 1482 2089 dicatis:
1512 2030 1607 2091 valent

312 2138 407 2201 artes,
430 2133 528 2209 rigent
549 2129 658 2199 studia,
682 2128 788 2190 ssorent
810 2131 938 2207 ingenia,
968 2129 1119 2189 harbaries
1147 2128 1257 2198 exulat,
1287 2129 1487 2191 doctissimum
1510 2134 1605 2209 ponti-

293 2232 399 2293 sflcem
422 2238 525 2293 restrae
547 2234 627 2310 piget
649 2231 822 2291 stoliditatis.
867 2231 910 2290 rtn
933 2232 1090 2309 quicquam
1113 2229 1189 2290 ultra
1217 2230 1378 2300 audebitis,
1413 2232 1518 2309 quibus
1545 2241 1662 2294 tamt?-

313 2332 480 2395 inloehciter
501 2334 565 2392 auri
585 2332 695 2393 Iudaici
718 2334 863 2410 piscatura
887 2332 990 2391 cessit?
1013 2331 1055 2391 Ne
1078 2332 1177 2399 tacite,
1207 2330 1308 2392 oculos
1332 2332 1419 2392 hahet
1441 2335 1606 2406 Germania,

313 2433 397 2495 vobis
420 2434 584 2495 detractum
607 2433 717 2502 velum,
750 2435 779 2493 in
802 2440 904 2510 aperto
927 2433 1075 2492 constituti
1098 2433 1244 2493 nerninem
1268 2432 1419 2493 caelahitis:
1453 2439 1605 2514 regnastis.

313 2541 365 2597 aut
385 2533 464 2595 malo
486 2534 657 2595 Christianae
685 2533 853 2612 reipublicae
876 2536 950 2602 lato,
973 2540 1023 2594 aut
1046 2552 1148 2595 eorum
1171 2536 1221 2613 qui
1244 2554 1294 2594 ros
1309 2537 1386 2613 passi
1402 2543 1469 2595 sunt
1485 2536 1605 2598 scelere.

315 2634 387 2707 Quis
409 2637 488 2696 enim
510 2654 563 2714 per
592 2636 664 2697 deos
692 2633 871 2696 immortales
898 2642 956 2695 tarn
985 2636 1102 2714 iniquus
1129 2636 1273 2712 pontifex,
1307 2639 1356 2714 qni
1384 2638 1468 2697 nohis
1496 2640 1663 2716 primusts.

294 2738 373 2804 ehoc
395 2739 496 2816 iugum
518 2737 707 2816 imponebat?
730 2744 779 2796 aut
801 2739 866 2816 qids
888 2738 925 2797 ita
949 2737 1070 2814 ignavus
1092 2735 1172 2796 orbis
1194 2744 1280 2797 terrae
1302 2739 1475 2816 imperator,
1500 2742 1549 2818 qui
1565 2743 1606 2801 sic

315 2841 470 2901 manifeste
486 2846 616 2899 nostram
632 2838 717 2899 nobis
733 2837 896 2898 libertatem
913 2839 987 2916 eripi
1002 2838 1135 2899 sinebat?
1158 2838 1216 2898 Sed
1232 2846 1311 2899 recte
1327 2840 1466 2901 adversus
1483 2841 1605 2920 Gapnio·
1616 2855 1661 2904 §.s

316 2960 383 3004 nem
395 2941 595 3002 insurrexistis
606 2939 663 3000 hoc
675 2946 822 3018 tompore:
839 2958 906 3000 nam
919 2941 983 3002 eius
993 2942 1047 3001 viri
1058 2941 1258 3019 magnitudine
1273 2943 1508 3020 perspectissime
1525 2944 1605 3021 igno-

316 3063 383 3105 rare
404 3063 437 3105 se
459 3043 568 3105 diutius
590 3041 746 3103 Germania
768 3061 826 3101 non
849 3044 957 3120 potnit,
988 3062 1104 3104 serrare
1126 3062 1212 3103 suum
1240 3043 1344 3114 decus,
1373 3063 1454 3105 snam
1483 3045 1606 3122 gloriani

315 3146 436 3206 studuit.
482 3144 596 3205 hlecum
618 3144 706 3220 igitur
732 3143 869 3205 insultate
895 3145 992 3213 rictis',
1022 3144 1169 3205 Germani.
1219 3163 1287 3205 nam
1315 3163 1373 3223 quo
1403 3147 1505 3205 maiori
1533 3146 1673 3206 diiii-§.¹⁰-

293 3245 426 3311 octrltate
447 3246 511 3307 haec
531 3252 616 3325 parta
638 3244 756 3305 victoria
780 3252 837 3315 est,
869 3252 970 3323 utpote
993 3254 1126 3307 octavum
1149 3247 1207 3307 iarn
1229 3265 1338 3306 annum
1366 3254 1533 3326 oppugnato
1555 3248 1607 3308 Ga-

316 3349 440 3427 pnione,
475 3367 510 3409 eo
532 3365 583 3408 vos
605 3346 924 3411 tenaciusmeminissc
947 3348 1149 3424 inposterum
1172 3349 1332 3426 oportebit,
1366 3356 1510 3428 qnatenus
1538 3352 1607 3430 quid
1703 3355 1706 3361 '

316 3443 558 3511 terre'neheatts.
604 3450 662 3510 Sed
685 3451 742 3510 iam
765 3450 995 3528 triumphantem
1019 3447 1197 3528 Gapnionern
1221 3458 1350 3528 spectate
1372 3469 1406 3511 ac
1429 3450 1572 3529 plaudite!

946 3567 974 3627 2.

745 3668 869 3719 sv'ron
886 3669 1169 3720 rnnonocrsrrs

293 3773 309 3814 s
332 3796 334 3800 -
402 3754 553 3836 Laqueum
576 3756 696 3824 sumite,
719 3754 928 3839 Theologistae,
956 3753 1062 3833 Viginti
1084 3756 1209 3833 amplius
1230 3775 1332 3818 sumus
1355 3760 1383 3817 in
1405 3747 1552 3817 inlami'anr
1576 3775 1610 3817 ac

315 3858 478 3937 perniciem
500 3865 626 3919 nestram
649 3858 807 3926 coniurati;
842 3856 967 3917 debetur
996 3856 1052 3917 lroc
1080 3857 1236 3936 Gapnionis
1264 3860 1451 3928 innocentiae,
1486 3858 1610 3919 debetur

384 4028 392 4061 ¹
412 4028 554 4079 Bemense
572 4024 673 4092 seclus]
702 4043 727 4077 c.
743 4025 816 4076 1505).
842 4031 971 4090 quattuor
989 4026 1091 4078 fratres
1109 4028 1212 4078 ordinis
1234 4029 1446 4094 predicatorum
1464 4027 1497 4076 de
1517 4027 1609 4076 obscr-

316 4114 415 4164 vuntia
433 4113 531 4163 Bernae
551 4112 684 4162 combusti
701 4117 764 4161 sunt
781 4118 894 4177 propter
912 4111 1023 4162 fraudes
1041 4113 1104 4163 ideo
1132 4115 1303 4175 commissos,
1334 4118 1484 4174 ut0contrn
1508 4112 1609 4161 fratres

318 4198 438 4248 minores
456 4197 635 4247 ostenderent
653 4203 816 4262 conceptum
829 4198 926 4247 Merite
945 4198 1064 4260 virginis
1082 4213 1190 4248 sacrum
1208 4214 1262 4247 non
1281 4198 1375 4247 fuisse.
1395 4198 1513 4247 Exstant
1530 4195 1610 4260 plura

318 4282 423 4333 dehoc
441 4281 548 4331 scelere
567 4283 720 4347 composita
739 4282 863 4332 carmina
881 4280 1027 4346 popularia
1044 4297 1091 4332 oon
1109 4284 1157 4332 der
1173 4282 1345 4347 unhellechten
1357 4281 1537 4346 Empsn'npm'sr
1551 4279 1608 4328 Ma-

316 4371 377 4427 riae,
409 4383 522 4433 quornm
540 4382 622 4416 unum
639 4366 772 4417 Nicolcus
789 4366 903 4416 Menucl
919 4367 1040 4431 scripsit.
1075 4367 1146 4416 Vide
1174 4367 1307 4432 imprimis
1337 4363 1458 4430 [Thomas
1477 4361 1608 4429 Mumcri]

317 4454 358 4504 De
377 4458 509 4519 quattuor
526 4449 715 4502 heresiarchis
730 4450 735 4515 Ι
750 4452 854 4501 ordinis
870 4451 1088 4500 Praedicotornm
1111 4452 1145 4501 de
1164 4449 1370 4517 Obl'er2hmntin
1392 4455 1610 4515 nuncupatorum

318 4539 390 4605 apud
410 4539 415 4601 Ι
436 4533 579 4587 Suitenles
596 4538 625 4585 in
644 4538 762 4587 ciuitate
780 4532 922 4602 Berlnenli
940 4533 1070 4585 cdbnltis.
1105 4534 1192 4599 dnlno
1214 4532 1315 4585 Christi
1332 4532 1335 4596 Ι
1351 4535 1387 4592 Μ.
1401 4536 1435 4583 D.
1449 4535 1497 4584 1X.
1515 4535 1518 4599 Ι
1534 4538 1559 4584 in
1573 4535 1608 4583 4⁰.

318 4623 507 4674 eutatetiem
520 4621 695 4671 Germanice.
759 4619 1023 4671 ’reditibuscsa
1077 4620 1357 4670 ⁹inielicitote3...6.
1411 4618 1432 4651 ¹²
1443 4623 1529 4686 pigrae
1543 4623 1608 4671 Α.5.

318 4707 441 4774 pigreB.
478 4706 586 4772 pigrit.
635 4703 656 4736 ¹⁶
669 4704 822 4756 infeliciter
836 4709 909 4756 3...o.
958 4707 979 4739 ¹⁷
998 4706 1128 4757 celabitis
1141 4707 1174 4755 Α.
1221 4704 1394 4770 ²⁰quiitat.
1442 4704 1464 4736 ’ὃ
1483 4713 1610 4757 notorum

320 4792 372 4842 itm
392 4788 468 4857 snm]
488 4791 604 4841 lnennte
624 4807 649 4840 a.
666 4789 738 4839 1510.
764 4791 984 4841 Pfotierhornius
1003 4790 1185 4841 Reuchlinnrn
1203 4790 1312 4840 visendi
1336 4806 1421 4840 coisse
1441 4791 1523 4856 adiit,
1548 4795 1611 4856 post

319 4877 388 4943 qnod
410 4881 519 4942 tempus
537 4876 597 4941 ipse
616 4876 677 4926 cuin
695 4874 905 4925 Coloniensibus
923 4876 995 4927 liunc
1013 4876 1109 4925 stetim
1126 4876 1254 4941 persequi
1274 4881 1424 4939 coeperunt.

329 4949 332 4954 ¹
384 4959 405 4994 ¹¹
425 4958 572 5028 coniurati]
592 4960 628 5012 ci.
641 4975 725 5028 supro
743 4977 768 5026 p.
783 4958 888 5027 130.sq.
907 4961 1162 5013 Reuchlinistcrum
1180 4960 1340 5012 exercitum.
