3917 5950
350 629 421 699 178
503 604 507 612 ἱ
526 640 693 691 Lxxxnn.
714 655 837 692 uvrrnur
850 654 888 689 nr>
900 655 1012 690 caorvrr
1025 655 1055 688 ru
1069 655 1198 689 neurus!
1211 655 1366 690 raarnrro.
1388 648 1448 690 1511.

346 830 470 890 magnus
491 811 628 871 tilbertus
650 829 684 871 ao
705 808 915 888 irrefragabilis
937 810 1071 888 qnidam,
1095 812 1178 871 errius
1200 811 1270 871 mibi
1293 829 1401 871 nomen
1423 828 1477 888 per
1501 811 1645 869 incuriam

348 913 463 975 excidit.
509 920 575 972 eta
598 914 685 971 tantis
708 914 853 989 magistris
876 915 946 971 tanti
970 911 1119 989 discipuli,
1142 912 1178 971 ab
1202 912 1364 972 istiusmodi
1387 911 1518 971 lontibus
1541 912 1571 970 bi
1593 911 1645 969 riri

347 1023 429 1084 siml,
453 1023 485 1075 ut
506 1016 579 1074 soiat
600 1012 704 1091 aliquis
725 1014 761 1073 ad
777 1015 897 1073 Scotum
921 1020 1063 1091 «putantum
1085 1013 1170 1072 nobis
1192 1022 1296 1082 restet,
1320 1016 1369 1091 qui
1391 1016 1468 1073 iuter
1483 1020 1646 1073 sectatores

278 1115 423 1177 §.uulnus
446 1125 505 1175 tam
527 1114 598 1174 nihil
620 1117 743 1184 seimus,
768 1123 827 1175 tam
849 1133 951 1175 suiuus
973 1117 1119 1177 inerudite
1142 1116 1257 1176 eruditi.
1295 1133 1463 1193 quanquam
1487 1122 1518 1174 tu
1542 1112 1645 1173 solitus

346 1222 386 1278 sis
408 1220 513 1278 imitari
535 1219 585 1296 qui
608 1236 662 1276 nos
683 1215 752 1276 olim
775 1217 940 1277 docuerunt
962 1216 1151 1277 Colortienses
1174 1225 1203 1278 et
1224 1217 1398 1298 syllogismis
1414 1216 1586 1277 fulminare.
1609 1232 1679 1273 ars

346 1323 371 1381 si
394 1320 511 1398 quaudo
534 1321 717 1397 prolabaris,
741 1310 877 1378 alacriter
893 1319 1048 1396 congredi,
1071 1337 1237 1396 opponere,
1260 1338 1426 1387 assurirere,
1449 1317 1644 1396 respondere.

348 1421 551 1481 conclusiones
573 1423 717 1481 sustinere
747 1420 792 1479 bis
820 1422 937 1497 triginta
968 1438 1194 1498 nonnunquam,
1227 1441 1352 1515 arguere
1379 1438 1434 1498 pro
1464 1428 1494 1479 et
1523 1426 1644 1479 eontra:

279 1534 298 1584 1
308 1534 337 1578 ¹²
331 1543 436 1602 ‹puem
459 1522 499 1583 illi
521 1540 580 1581 non
596 1525 692 1582 statim
708 1521 849 1599 probant,
873 1523 952 1600 qood
968 1540 1027 1580 nou
1044 1522 1203 1583 formaliter
1219 1525 1336 1585 eonsuis
1350 1529 1539 1600 argumenta
1564 1518 1643 1597 quod

347 1645 439 1704 genus
462 1633 505 1684 est
526 1623 574 1683 illa
597 1624 794 1702 questionu
817 1624 930 1683 aeutius
951 1622 1060 1702 aliquid
1085 1625 1182 1684 sidere
1205 1626 1332 1702 potnerit
1354 1633 1455 1701 raptus
1477 1623 1645 1683 intertium

348 1727 452 1787 eaelum
480 1725 602 1795 Paulus,
632 1744 719 1803 quam
749 1727 776 1784 iu
799 1744 851 1784 sna
875 1723 962 1794 cella,
992 1744 1059 1785 stim
1082 1728 1169 1785 tarrtis
1191 1725 1438 1803 speculationibus
1466 1724 1679 1784 iudorrniretro

349 1828 504 1907 aliquando
527 1829 631 1888 doctor
653 1826 788 1895 sanetus,
811 1834 911 1895 acute,
935 1835 967 1886 ut
989 1828 1059 1886 mibi
1082 1827 1247 1896 ridebatur,
1271 1834 1374 1904 perte
1397 1826 1560 1903 disputata,
1589 1825 1642 1885 sed

280 1945 338 1995 111.
349 1931 385 1991 ab
409 1929 575 1989 illuminatis
596 1929 753 1989 Tlromistis
775 1929 825 2006 qui
847 1928 900 1988 soli
922 1928 1080 1988 cerebrum
1103 1928 1226 1998 liabent,
1250 1927 1438 1988 discutienda.
1468 1926 1534 1986 Non
1550 1927 1646 2004 magis

350 2043 415 2092 orto
437 2031 499 2092 sole
522 2038 697 2092 evanescunt
720 2031 837 2090 minima
860 2030 979 2109 sydera,
1004 2048 1181 2114 (poarutius,
1205 2030 1307 2098 trote,
1330 2036 1558 2107 quantocunque
1574 2046 1645 2087 eori-

351 2142 453 2201 reutu,
488 2133 615 2212 quodam
637 2151 669 2192 se
692 2131 853 2191 istiusmodi
881 2132 982 2190 larium
1011 2131 1138 2190 clamoso
1167 2131 1360 2208 tripudiatam
1388 2132 1556 2208 ingerente,
1591 2128 1646 2188 ob·

280 2237 427 2304 §.nsouri
450 2237 544 2295 simus.
595 2234 653 2293 Sed
682 2233 750 2293 audi
777 2252 876 2293 meum
904 2232 959 2291 hae
987 2233 1016 2291 iu
1045 2251 1078 2292 re
1104 2232 1272 2293 eonsilium:
1301 2240 1455 2310 postquam
1486 2232 1556 2291 mibi
1585 2239 1674 2291 sto-ra

350 2339 488 2399 marlmm
511 2344 665 2397 oraverunt
687 2337 733 2395 isti
756 2334 826 2394 olim
848 2334 968 2413 superbi
991 2333 1088 2412 legum
1112 2334 1343 2412 dispensatores,
1366 2336 1487 2401 sateor‚·
1505 2331 1645 2393 esse'ali-

350 2441 420 2518 quid
443 2439 581 2498 renitendi
608 2446 637 2498 et
665 2457 700 2498 eo
728 2437 856 2497 santium
885 2436 994 2496 ‹torituli
1022 2455 1136 2505 nrenrn,
1170 2455 1204 2496 ac
1232 2435 1412 2513 dispeream,
1447 2437 1471 2494 si
1500 2433 1558 2494 ulla
1589 2433 1645 2492 alia

351 2542 463 2601 ratirme
478 2559 565 2618 quam
582 2539 625 2600 sel
640 2548 672 2599 ut
692 2558 826 2599 niernum
849 2538 1003 2617 desyderio
1023 2539 1235 2607 satisfacerem,
1259 2537 1303 2597 rel
1323 2541 1418 2615 ipsum
1441 2535 1527 2603 illud,
1552 2553 1646 2613 quan-

351 2651 531 2720 tumrnmpre
558 2642 743 2718 nugatorium
774 2649 831 2707 est.
866 2658 925 2718 quo
953 2641 999 2699 isti
1028 2640 1208 2717 triumphant
1236 2638 1433 2707 llartlrolistae,
1468 2645 1647 2716 assequutus

351 2751 531 2821 arreptoque
553 2743 692 2802 doctrinas
715 2742 797 2802 titulo
820 2761 878 2821 quo
901 2742 996 2819 decipi
1019 2741 1121 2819 vulgus
1143 2749 1234 2808 amat,
1267 2740 1304 2800 ab
1332 2740 1387 2799 illis
1415 2748 1517 2818 postea
1548 2740 1681 2799 audirieo

282 2856 343 2905 t·¹·'··
354 2865 499 2913 mererer,
530 2845 608 2922 quod
636 2843 720 2903 alitor
749 2862 801 2921 per
831 2851 1031 2920 rorrtemptum
1060 2860 1118 2901 raon
1149 2842 1246 2902 tiebat:
1289 2843 1445 2902 lloetorern
1472 2843 1551 2901 enirn
1581 2859 1647 2901 esse

350 2956 467 3028 ‹quirtet
483 2966 577 3014 ιιιιιιι,
601 2945 721 3006 doetum
736 2964 831 3025 neque
847 2964 967 3006 iterasse
983 2952 1042 3013 est,
1066 2961 1162 3023 noque
1179 2945 1298 3005 omnino
1314 2943 1420 3023 aliquid
1437 2952 1490 3005 est.
1529 2947 1646 3013 Quanta

350 3051 500 3110 literarum
524 3051 633 3110 iactura
657 3048 714 3108 boe
736 3049 843 3107 iacies?
865 3047 960 3107 aiebat
982 3047 1096 3126 aliquis.
1142 3047 1245 3108 ‘Nrrlla'
1268 3047 1422 3124 respondi,
1446 3047 1568 3125 ‘quippe
1591 3048 1647 3105 inr-

350 3151 538 3230 peudeudum
560 3150 668 3229 aliquid
690 3151 823 3210 succisisi
839 3151 994 3226 temporis,
1018 3149 1088 3209 (lum
1104 3151 1173 3208 istas
1187 3148 1337 3209 illiteratos
1351 3148 1449 3208 literas
1465 3155 1555 3226 atque
1571 3148 1647 3207 liuere

353 3323 452 3385 Aquino
466 3338 487 3369 s.
502 3323 632 3386 Aquinus,
647 3319 764 3383 Apidos,
784 3318 930 3382 theologus
942 3318 1121 3383 philosophus
1133 3318 1331 3380 scholasticus,
1352 3333 1413 3368 curn
1427 3319 1556 3382 magistri
1570 3318 1648 3366 Petri

351 3405 514 3466 berinhardi,
535 3406 663 3468 Magistri
683 3404 883 3453 sententiarum
902 3405 931 3466 (†
953 3402 1047 3467 litii),
1068 3402 1317 3453 celebratissimum
1329 3404 1532 3454 sententiarum
1546 3403 1648 3451 librum

353 3490 530 3553 interpretari
551 3490 694 3553 caepisset,
715 3488 849 3546 Coloniae,
870 3489 1002 3548 Parisiis,
1023 3489 1113 3537 Roma
1132 3493 1160 3536 ot
1180 3489 1207 3537 in
1227 3488 1291 3538 aliis
1304 3488 1393 3537 ltaliae
1406 3487 1572 3538 civitatibus
1586 3502 1648 3535 eam

352 3575 453 3623 laruam
474 3574 621 3622 adsecutus
634 3568 697 3636 'est‚
717 3579 747 3623 ut
765 3567 837 3621 inter
854 3574 1053 3623 Dominieanos
1071 3588 1148 3631 snos,
1174 3574 1220 3636 qui
1243 3574 1278 3622 ab
1298 3574 1357 3622 eius
1379 3574 1490 3622 naariae
1514 3572 1649 3621 Tdomiatrr

353 3664 498 3716 rorantur,
527 3658 718 3707 sanctissimus
737 3657 887 3706 haberetur
910 3664 938 3706 et
962 3657 1077 3722 angelus
1101 3657 1216 3719 sabula,
1245 3658 1341 3707 doctor
1362 3658 1521 3722 angelicus,
1551 3658 1649 3705 (lactor

353 3744 515 3795 eommunis,
537 3743 703 3792 cherubinns
723 3747 751 3790 et
769 3741 950 3806 evangelicus
969 3742 1192 3808 appellitaretur.
1217 3747 1298 3791 uatus
1317 3747 1359 3791 est
1378 3759 1403 3791 a.
1419 3742 1503 3802 laea,
1524 3749 1648 3792 mortuus

353 3844 379 3876 a.
397 3828 468 3876 1271.
538 3825 647 3875 ¹unice
666 3823 790 3891 magnus]
810 3827 939 3875 Albertns
957 3828 1146 3892 Lauingonsis
1165 3828 1283 3884 Suevos,
1309 3842 1389 3890 quam
1413 3827 1462 3876 alii
1482 3844 1515 3876 ex
1534 3826 1648 3876 lauritio·

352 3915 477 3973 nomine,
498 3911 548 3960 alii
560 3911 672 3960 honoris
686 3927 772 3960 eausa
784 3913 915 3975 Magnum
928 3911 1064 3960 nominari
1077 3917 1188 3975 putant,
1208 3912 1312 3962 ordinis
1323 3912 1538 3978 praedicatorum
1551 3913 1649 3961 doctor

354 3997 521 4045 l'arisiensis
545 4012 571 4044 a.
588 3993 662 4045 teau.
698 3995 820 4044 Coloniae
839 3995 972 4043 Tlroruam
991 3996 1157 4059 Aquinatem
1180 3996 1346 4061 discipulum
1369 3996 1467 4046 habuit
1490 4002 1520 4045 et
1538 3998 1568 4045 in
1587 4013 1646 4045 eam

353 4084 460 4142 urbem,
480 4089 625 4146 postquam
644 4096 669 4130 a.
685 4078 1368 4145 1260.episcopusRatisponensistactussuerat,
1389 4097 1414 4130 a.
1431 4079 1505 4130 tuus.
1520 4097 1648 4132 resersus

353 4169 391 4218 ibi
412 4184 436 4216 a.
454 4167 526 4215 1280.
540 4168 600 4217 vita
613 4167 724 4215 functus
738 4169 789 4214 est
820 4164 940 4229 Operum
955 4165 1015 4213 eius
1028 4165 1155 4230 Lugduni
1169 4181 1195 4215 a.
1211 4164 1284 4217 leat.
1299 4166 1433 4217 editomm
1445 4173 1510 4216 sunt
1523 4168 1644 4217 XXIro·

352 4252 457 4301 lmnina
476 4253 504 4301 in
518 4251 575 4312 iol,
587 4250 744 4300 fabularum
757 4250 790 4298 de
804 4250 863 4299 viro
877 4255 1021 4298 enatarem
1034 4251 1260 4301 innumerabiles.

421 4332 654 4403 'irrefragabilis]
667 4334 825 4384 Alexander
850 4333 884 4382 de
911 4333 999 4383 Hales
1025 4350 1046 4384 s.
1074 4336 1219 4398 Emensis,
1250 4336 1469 4397 Franciscanus,
1501 4338 1644 4388 bonosen-

354 4428 423 4471 turae
442 4428 471 4471 et
493 4422 569 4471 Scoti
588 4421 729 4485 magister,
750 4418 867 4483 Anglus,
887 4419 906 4480 †
924 4420 1014 4468 Paris.
1034 4435 1059 4468 a.
1075 4419 1148 4468 1245.
1185 4421 1216 4469 111
1234 4421 1379 4486 epitaphio
1397 4424 1457 4471 eius
1478 4429 1536 4472 est:

590 4505 686 4555 Gloria
705 4505 859 4562 doctorum,
879 4504 964 4554 deeris
983 4510 1012 4552 et
1029 4504 1079 4554 tius
1097 4503 1329 4570 pbilosophorum,

591 4590 693 4639 Auctor
710 4590 874 4653 scriptorum
892 4589 935 4637 sir
952 4587 1109 4638 Alexander
1125 4590 1273 4652 rariorum,

590 4674 691 4723 Norma
709 4673 911 4728 modernorum.
932 4672 994 4722 sons
1013 4673 1084 4735 reri,
1104 4672 1151 4722 lux
1170 4673 1296 4725 aliorum.

354 4755 572 4807 ‘Colonieusea
591 4774 671 4821 marg.
686 4760 718 4807 D.
754 4757 951 4807 ⁷coelulionss
966 4758 993 4806 C.
1029 4756 1180 4819 'Quul'tio
1198 4759 1367 4826 theologica.
1380 4777 1460 4824 nueq.
1470 4764 1501 4811 n.
1545 4762 1641 4813 ”Dius

354 4842 484 4890 Thomas.
496 4841 616 4904 murali.
680 4839 701 4872 ¹⁸
724 4842 920 4906 tripuditatore
934 4840 967 4890 B.
1033 4841 1054 4874 ¹⁸
1072 4842 1189 4908 Superbi
1209 4844 1273 4909 legit
1286 4844 1502 4910 dispensatores.
1522 4867 1601 4915 ruorp.
1613 4851 1641 4897 n.

355 4924 376 4958 ¹⁹
394 4920 709 4990 [immendamur-pl).
762 4929 979 4976 meantium.
1032 4925 1053 4959 ²¹
1071 4934 1128 4985 α·
1145 4946 1226 4995 marg.
1235 4931 1267 4979 1).
