3917 5950
434 635 489 690 CX.
508 653 632 692 srrrsru
644 653 682 690 sn
694 653 812 690 issaar.
826 651 949 690 uoovur.
964 653 993 688 ru
1008 653 1108 690 srvrru
1122 652 1208 689 esar.
1229 618 1388 691 ussrstato.
1483 621 1553 696 251

261 807 309 870 ille
332 808 468 871 'l'aeitum
495 807 584 870 habet
606 809 700 877 enim,
728 808 871 889 praetante
893 808 1038 869 beroaldo
1066 808 1191 878 luniori,
1222 809 1308 869 doato
1335 809 1478 888 imprimis
1506 809 1559 871 bo·

262 913 357 980 mine,
381 911 433 972 sed
456 913 485 971 in
501 913 657 974 Germania
681 910 741 971 tibi.
780 911 922 987 lngerunt
944 911 1001 971 boe
1024 910 1062 971 illi
1085 910 1172 971 bonae
1195 911 1366 971 eruditionis
1381 913 1449 980 riri,
1467 910 1559 972 Woll·

263 1029 379 1090 gangus
401 1014 550 1089 Angustus
572 1020 601 1073 et
623 1012 760 1073 Nieolaus
782 1011 975 1080 Carbaebius,
1006 1015 1056 1092 quii
1078 1014 1279 1091 imprimendis
1301 1014 1378 1091 apud
1401 1031 1455 1072 nos
1477 1013 1560 1075 libris

262 1115 389 1176 eandem
411 1122 519 1175 navant
540 1133 678 1194 operam,
706 1134 794 1193 quam
817 1120 883 1192 post
904 1113 1009 1174 dldnni
1033 1114 1160 1175 l'enetiis
1182 1115 1336 1190 Egnatius,
1360 1113 1460 1174 Roriam
1483 1116 1560 1176 dorti

241 1216 401 1297 solandam,
430 1216 551 1277 Basilean
574 1216 681 1277 Beatus
703 1223 733 1276 et
754 1215 957 1285 dmorbaebii,
988 1217 1155 1291 drg'entinai
1178 1215 1357 1281 Gerbelbus,
1387 1217 1464 1294 apud
1488 1216 1560 1277 alios

262 1317 327 1378 alii:
357 1337 428 1378 nam
449 1318 479 1378 bi
502 1317 658 1395 abreptum
680 1337 728 1378 me
750 1319 963 1378 nudiustertius
985 1326 1160 1394 coegerunt,
1185 1318 1296 1406 Livium
1313 1325 1344 1376 ut
1359 1317 1627 1378 miseriberemeo.

263 1417 331 1487 tibi,
361 1438 421 1479 non
444 1420 511 1507 quia
534 1419 591 1479 hoo
615 1421 669 1498 ipsi
691 1437 749 1478 non
774 1426 908 1498 possent,
937 1419 989 1479 sed
1013 1421 1078 1497 (piria
1103 1421 1131 1478 in
1159 1427 1207 1480 tua
1237 1420 1293 1480 boe
1322 1419 1386 1479 aula
1415 1422 1439 1480 si
1466 1422 1559 1489 fieret,

263 1521 461 1582 bonorilieum
490 1519 542 1581 tibi
571 1537 635 1581 osse
661 1524 753 1597 magis
781 1523 867 1580 etiarn
902 1501 1034 1580 arbitrati
1062 1528 1139 1580 sunt.
1185 1522 1349 1592 erinetlam
1373 1539 1409 1580 ne.
1432 1523 1561 1600 potuisse

264 1622 342 1683 bane
365 1624 546 1704 provinciam
569 1622 734 1682 detrectare.
756 1641 803 1682 me
826 1624 987 1690 existimes,
1012 1629 1177 1700 pertraetus
1199 1641 1265 1681 sum
1289 1641 1323 1681 eo
1346 1622 1382 1681 ab
1399 1622 1562 1698 insignibus

228 1725 323 1785 ¹⁰tuis
346 1726 509 1793 canonisis,
534 1723 693 1784 Laurentio
715 1725 864 1784 Trurbses
886 1725 1013 1791 iterabo,
1037 1723 1221 1783 Theodorieo
1244 1723 1352 1784 Tzobel
1376 1723 1560 1793 sebolastieo,

264 1831 294 1885 et
316 1824 398 1886 silini
420 1845 486 1886 meo
509 1826 687 1905 blarquardo
710 1826 747 1886 do
769 1827 913 1895 llatstein,
942 1824 1074 1904 probatis
1097 1806 1246 1885 literatura
1276 1833 1305 1885 et
1326 1825 1459 1886 moribus
1483 1827 1560 1895 viris,

265 1926 374 2006 qrribus
396 1927 441 1988 rel
463 1928 572 1988 ier-ireo
595 1926 721 1997 libentur
742 1931 841 2006 parui,
871 1927 949 2006 quenl
972 1945 1039 1986 eum
1063 1946 1180 2005 semper
1202 1930 1328 1988 arnariut
1350 1947 1453 1988 omnes
1475 1928 1503 1988 bi
1527 1946 1561 1988 ao

265 2034 387 2090 tuentur
409 2029 543 2109 politiora
565 2029 675 2097 studia,
705 2035 767 2089 tum
789 2028 964 2089 laurentius
988 2030 1048 2107 ipse
1071 2046 1148 2089 aurio
1171 2028 1278 2089 abbine.
1304 2037 1387 2089 sexto
1409 2029 1446 2089 ab
1469 2030 1563 2090 atrori

265 2129 539 2191 crudelissimorum
570 2131 722 2191 bominum
750 2129 993 2206 tbeologistaronr
1018 2131 1123 2190 iniuria
1146 2132 1272 2210 qrreidanr
1296 2150 1350 2191 sno
1372 2133 1468 2192 divino
1492 2150 1562 2193 eon·

231 2232 331 2293 resilio
354 2249 494 2309 magnum
518 2234 613 2292 sirum
636 2232 775 2292 loannem
791 2231 970 2310 Capninnern
994 2232 1078 2292 nobis
1100 2236 1224 2293 servarit
1246 2241 1397 2294 aetertum
1420 2235 1561 2311 praestitit.

266 2334 395 2395 l'roiude
418 2332 463 2395 rel
484 2335 626 2412 tantisper
648 2334 832 2393 sacerdotem
854 2332 957 2393 baberi
980 2353 1027 2393 ures
1050 2336 1127 2402 siue,
1151 2335 1222 2394 dnm
1246 2337 1389 2395 rietinram
1413 2334 1463 2395 tibi
1486 2334 1630 2395 trancas.

266 2434 387 2504 leriam,
411 2435 468 2495 boe
490 2453 611 2496 sacrum
631 2434 779 2503 dedicem,
804 2433 883 2495 rndla
906 2453 970 2494 nrm
994 2435 1034 2495 ibi
1057 2438 1239 2511 arrogantia,
1264 2437 1315 2497 sed
1337 2440 1478 2515 temporis
1493 2455 1562 2497 eon·

266 2536 433 2597 suetudine.
470 2536 634 2615 llerepturn
649 2536 706 2596 boe
728 2537 805 2596 enim
822 2544 879 2605 est,
904 2543 936 2597 ut
958 2538 1007 2614 qui
1031 2538 1171 2597 authores
1193 2538 1237 2597 rel
1261 2541 1374 2599 auctius
1396 2539 1440 2623 rel
1464 2556 1562 2598 emen·

266 2638 364 2699 datius
386 2639 416 2698 iu
439 2637 616 2717 exemplaria
639 2636 863 2704 deseribuntur,
887 2636 917 2697 bl
935 2637 1022 2698 elaris
1037 2646 1247 2716 nnneupentur
1263 2639 1439 2701 bominibus.
1479 2639 1632 2713 [triadi-¹³.

230 2740 340 2801 redum
369 2758 495 2819 sequor,
525 2739 604 2800 nrrlla
632 2746 735 2800 teneor
764 2740 860 2817 inepta
888 2740 1041 2816 opinione,
1077 2741 1324 2818 qrrernadrnodrun
1353 2742 1467 2820 Appion
1496 2742 1564 2802 olim

266 2843 495 2919 grammaticus,
528 2841 579 2920 qui
606 2838 787 2900 immortales
816 2839 914 2900 faeere
942 2857 973 2900 se
1003 2840 1109 2920 qnibus
1139 2860 1191 2901 sua
1222 2843 1384 2902 dedicasset
1407 2843 1562 2903 laetitabat.

267 2944 325 3006 Sed
348 2943 412 3005 lraee
435 2946 496 3022 ipsa
520 2944 616 3022 irrepta
640 2946 683 3002 est
705 2960 805 3012 mora,
836 2943 874 3002 ita
897 2960 1032 3003 errorem
1060 2943 1130 3003 dum
1159 2944 1254 3021 largiri,
1284 2944 1472 3005 veliementer
1495 2962 1564 3005 erro

267 3047 396 3107 interim.
434 3045 495 3105 lam
517 3046 661 3122 legendus
683 3045 760 3103 enim
782 3042 889 3102 arrtbor
912 3044 989 3121 ipse,
1014 3047 1097 3106 (errius
1119 3048 1214 3121 agitur
1237 3065 1353 3116 raussa,
1377 3053 1448 3106 erat.
1487 3046 1564 3105 Eeee

268 3147 382 3208 Livium
411 3145 463 3206 tibi
492 3148 594 3224 igitur,
625 3145 678 3206 tibi
704 3146 824 3223 inquam
852 3144 969 3206 tutelari
992 3146 1063 3214 eleo,
1094 3146 1156 3206 aliis
1178 3149 1208 3206 in
1230 3165 1316 3207 suum
1339 3150 1444 3227 uerique»
1468 3128 1562 3216 nsum,

232 3267 357 3328 asqrrem
380 3250 492 3309 utinam
514 3248 563 3308 diu
587 3247 684 3324 legas,
706 3253 739 3306 ut
760 3254 789 3307 te
807 3211 861 3307 diu
883 3247 1073 3325 perfruamur
1094 3250 1157 3328 ipsi.
1196 3249 1259 3309 lloe
1279 3252 1461 3330 praecipuum
1479 3248 1564 3309 bonis

268 3349 408 3411 omnibus
431 3358 529 3410 votum
552 3356 625 3410 esto.
670 3368 766 3409 arnis.

336 3672 343 3705 ¹
363 3670 502 3739 'Pacituml
518 3673 610 3721 Roma>
631 3687 656 3720 a.
672 3670 745 3720 1515.
759 3672 787 3720 in
806 3671 854 3720 fol.
868 3687 885 3719 a
897 3670 969 3719 Plril.
983 3672 1120 3721 Beroaldo
1139 3673 1195 3721 iun.
1210 3673 1322 3722 editum.
1376 3673 1471 3736 babet,
1492 3673 1565 3723 enim

267 3760 333 3809 m.-
380 3759 507 3824 inprimis
520 3761 592 3807 2...5.
645 3755 852 3821 ³dugustus5.
872 3756 1117 3821 es.srrprap.2'25.
1171 3755 1274 3823 ⁵alios]
1289 3774 1338 3808 nos
1351 3762 1408 3809 dd.
1463 3758 1564 3809 ιοΤῑο-

266 3842 323 3911 bel]
341 3848 381 3894 ric
398 3845 422 3893 d.
435 3847 453 3892 l.
466 3859 562 3900 omnes,
582 3859 631 3891 nou
650 3841 744 3891 Zobol.
763 3843 797 3905 es.
812 3843 883 3904 ialin
901 3842 960 3890 aelel.
975 3843 1050 3905 epist.
1116 3840 1288 3907 Scholastica
1303 3848 1328 3895 3.
1402 3843 1419 3876 ¹¹
1441 3845 1524 3895 adfini
1537 3848 1563 3895 2.

267 3933 326 3981 M.
380 3928 541 3978 litteratura
554 3930 579 3975 2.
589 3929 613 3976 l.
667 3923 688 3956 ¹¹
707 3926 811 3977 idcireo
824 3929 913 3975 2.1.5.
968 3924 989 3956 ¹³
1007 3927 1215 3977 Laurentius..
1230 3929 1493 3995 Capnionemnobls
1511 3947 1566 3980 ser·

266 4011 357 4080 ravit]
377 4029 410 4064 eo
429 4012 500 4078 quod
518 4012 666 4064 sententiae
685 4010 900 4061 Hoclrstratanae
921 4015 1018 4059 eontra
1037 4011 1219 4061 lterrcblinum
1243 4021 1385 4079 conceptio
1404 4015 1565 4065 dilationem

266 4098 440 4167 impetravit.
460 4097 659 4148 certauerunt
678 4096 728 4145 vit.
743 4112 760 4144 a
777 4096 853 4145 Maio
872 4095 967 4159 script.
987 4113 1013 4160 p.
1028 4094 1085 4145 392.
1100 4094 1158 4145 403.
1174 4099 1202 4145 et
1213 4077 1289 4148 H.⁰v.
1303 4098 1328 4147 d.
1343 4099 1433 4147 Hardt
1450 4100 1564 4164 Mogen-

265 4186 328 4235 tina
346 4180 495 4234 Reueldini
513 4183 579 4233 hist.
598 4198 624 4231 a.
640 4178 714 4230 1513.
728 4196 762 4228 m.
777 4180 852 4245 Sept.
871 4180 900 4228 in
913 4179 1063 4230 Germania
1081 4188 1129 4230 ete.
1150 4180 1277 4230 celebris.
1297 4183 1414 4231 Helmst.
1436 4182 1508 4232 1715.
1528 4183 1565 4233 8⁰.

267 4268 501 4320 ¹¹estenim4.5.
538 4266 758 4317 auctores2.d.5.
794 4261 946 4329 ¹⁰ilppion]
961 4266 1070 4329 „Apion
1084 4265 1192 4329 quidam
1207 4268 1412 4329 granimaticus,
1426 4268 1472 4317 hic
1486 4285 1565 4333 quem

266 4354 399 4405 Tiberius
412 4353 508 4404 Coesar
520 4350 675 4415 cymbalum
688 4350 781 4399 mundi
794 4348 927 4409 vocabat,
943 4364 1003 4397 cum
1016 4349 1136 4413 publicae
1151 4349 1232 4398 famae
1246 4354 1404 4415 tympanum
1418 4354 1509 4417 potius
1524 4354 1564 4403 vi·

265 4439 326 4489 (leri
337 4443 447 4505 posset,
462 4434 672 4487 immortalitate
686 4451 703 4485 a
715 4450 745 4485 se
759 4434 856 4483 donari
869 4433 995 4496 scripsit,
1016 4432 1051 4481 ad
1065 4448 1131 4497 quos
1145 4432 1239 4497 aliqua
1253 4436 1460 4498 componebat&
1493 4438 1565 4488 Plin.

266 4523 386 4574 H.N.1.
402 4522 425 4572 l.
478 4519 684 4572 ”recusas
749 4516 770 4551 ¹³
789 4524 887 4568 auctor
900 4521 993 4567 2.4.5.
1065 4520 1189 4567 caused.
1259 4516 1563 4579 ¹⁶rrn1s.omtr.2.„5.

266 4610 393 4674 blegent.
411 4608 482 4657 dnn.
506 4608 543 4657 M.
556 4608 591 4657 D.
604 4607 678 4657 xlx.
697 4605 785 4655 addid.
804 4606 862 4653 M.
902 4602 1085 4669 Privilegium
1106 4602 1291 4653 blaximiliani
1315 4605 1380 4670 imp.
1405 4607 1498 4659 datum
1523 4615 1566 4661 est

268 4691 377 4754 ‘Vuels‚
402 4692 447 4742 die
470 4707 545 4742 nona
568 4692 671 4741 mensis
688 4690 860 4740 Decembris.
879 4690 929 4739 dn.
943 4688 1140 4738 M.b.xv111.’
1159 4689 1268 4739 Erasini
1285 4690 1348 4740 Rot.
1368 4693 1566 4745 nrisobarburis

266 4778 373 4843 scripta
392 4776 526 4843 epistula,
551 4791 612 4841 quoe
630 4775 811 4825 Huttenicam
829 4776 1020 4839 praefationem
1039 4775 1174 4839 sequitur,
1199 4776 1229 4824 in
1247 4775 1301 4826 fine
1319 4776 1404 4827 babet
1424 4776 1483 4828 ‘v11.
1503 4795 1565 4830 oar..

267 4875 352 4912 arsur.
371 4877 418 4912 n.
437 4865 574 4912 rr.n.xrx.'
593 4860 705 4912 Nicolai
723 4859 873 4910 Carbaehii
893 4859 928 4908 ad
946 4859 1080 4909 lectorem
1099 4860 1219 4925 epistula
1243 4862 1348 4927 scripta
1373 4868 1416 4914 ost
1442 4865 1565 4931 ‘blegne-

268 4948 317 4998 tie
334 4947 431 4999 Idibus
442 4947 562 4998 Martiis.
582 4944 764 5008 mmmm
783 4943 894 5009 Angstii
914 4944 1033 5011 epistola
1052 4945 1124 4996 diem
1143 4962 1297 5019 armumque.
1315 4964 1369 5000 non
1388 4949 1504 5002 indicet.
