3917 5950
344 652 442 703 Lx1v.
451 666 567 702 aaron.
575 664 766 703 inviscaret.
784 653 866 703 LXV.
875 667 1139 704 cocar..aoeiaca11.
1158 655 1537 706 I.XV1.nauaruanr1ncxn.
1569 635 1640 712 153

343 826 433 883 abens
448 825 607 883 llirandulre
621 827 763 889 dominus,
787 826 937 882 llenuanas
951 843 1044 883 eomes
1059 828 1092 883 de
1107 826 1245 889 b'euenar,
1268 828 1421 884 Bernanlos
1437 828 1580 893 adelmaro,
1602 832 1641 887 la·

342 910 430 967 cobus
449 911 486 983 de
501 912 639 968 banniaais
660 912 779 967 cleranos
800 912 989 973 Tridentinus.
1013 912 1188 985 llarquardus
1210 914 1244 968 de.
1264 912 1355 973 Steiu.
1379 912 1553 970 Sebastianus
1575 915 1641 990 Spe-

344 996 464 1057 rantius.
485 996 530 1053 bic
545 996 794 1071 babenbergensis.
817 996 863 1052 ille
878 1014 943 1052 sero
959 996 1124 1052 llriainensis
1140 998 1317 1070 praepositus.
1343 998 1509 1071 lloligangus
1524 1000 1557 1055 de
1574 1001 1642 1055 l'an·

345 1081 414 1155 berg
427 1080 609 1143 pataviensis.
632 1080 769 1138 llrbardus
785 1081 919 1136 'lrurlises
936 1080 1140 1155 llystattiensis,
1164 1083 1283 1137 Andreas
1298 1080 1386 1138 Fuchs
1408 1100 1468 1138 etim
1491 1085 1574 1140 fratre
1590 1103 1641 1141 suo

323 1165 458 1226 alwobo.
474 1164 707 1239 babenbergensis
722 1167 854 1226 decanus.
871 1166 907 1221 lo.
923 1166 957 1220 de
970 1167 1093 1240 Staupitz
1109 1167 1350 1237 Arietistineosium
1365 1167 1497 1230 decanus,
1519 1168 1641 1224 Kilianns

344 1250 418 1325 laepb
435 1251 462 1305 in
478 1250 611 1306 llebdorll
622 1252 712 1325 prior,
727 1251 851 1307 doctrina
865 1250 1016 1323 trilinguis.
1034 1252 1070 1305 lo.
1082 1250 1239 1324 llaclieysen
1256 1251 1388 1307 ,lliaorum
1405 1253 1578 1325 provincialis
1592 1254 1642 1309 mi·

345 1335 445 1395 nister.
464 1334 614 1409 Gregorius
628 1334 718 1391 lliillel
733 1335 936 1391 lamuelitamm
953 1335 1140 1407 provincialis,
1162 1334 1291 1391 llelebior
1304 1336 1440 1408 Puntztng
1454 1338 1506 1392 diri
1523 1337 1638 1398 Sebaldi.

344 1418 481 1495 Georgius
496 1420 612 1495 llebeym
636 1422 721 1477 sancti
737 1421 874 1476 Laurentii
890 1420 1074 1493 Nurenberga.
1093 1421 1270 1494 praepositus,
1295 1420 1420 1476 Erasmus
1437 1422 1642 1483 lloterodamus,

345 1504 383 1563 lo.
399 1504 577 1580 Speyserbts.
599 1504 636 1561 lo.
665 1505 776 1565 Eclius.
805 1504 903 1560 Paulus
930 1505 1066 1578 Phrygio,
1095 1505 1131 1560 lo.
1155 1505 1390 1578 tleeolauipadius.
1420 1506 1641 1579 Estieampiaaus,

312 1590 383 1647 uto.
405 1588 535 1651 Cocleus.
570 1590 686 1646 'lbomaa
719 1590 829 1645 Mttrncr
860 1589 1053 1651 llinoritanus,
1084 1589 1260 1645 ll'enecslaus
1288 1590 1385 1650 Linelt,
1420 1591 1549 1647 llartiaus
1576 1592 1643 1647 Lue-

345 1675 408 1735 der.
443 1674 648 1747 Augustiniani.
681 1690 774 1730 omnes
808 1692 891 1730 sacrm
920 1673 1067 1745 theologia·
1095 1676 1238 1735 doctores,
1271 1675 1453 1730 Theodericus
1475 1675 1570 1737 Zobel,
1604 1676 1641 1731 lo.

346 1758 596 1832 [loscumbe-rgias,
627 1759 739 1816 lacobus
761 1757 998 1832 wimpfelingius,
1023 1759 1156 1829 Georgius
1179 1760 1250 1814 Reus
1278 1759 1477 1833 Niirenberga,
1508 1760 1642 1834 Georgius

347 1844 431 1917 llepst
454 1843 595 1917 llriburgaa
610 1844 780 1900 l'artbusiani
804 1844 924 1917 priores,
953 1842 1137 1916 wolfgangus
1159 1843 1305 1917 l'olprecbt
1328 1845 1568 1917 Attgtistiaeusiuni
1591 1843 1643 1900 b'u'·

347 1928 492 2001 renbergm
514 1929 606 2002 prior.
630 1928 666 1984 lo.
689 1929 780 2001 bang.
810 1928 846 1983 lo.
870 1928 942 2000 Fun.
972 1936 1000 1982 et
1024 1929 1041 1982 ii
1064 1929 1271 1999 attrectationem.
1300 1929 1337 1984 lo.
1361 1930 1513 1989 llaesareos.
1542 1929 1643 1985 Conra-

313 2013 399 2069 ¹⁵dns
421 2011 563 2069 Palicanus
586 2012 778 2073 llinoritanus.
803 2012 962 2067 benedictus
986 2012 1180 2085 tlbelplouius.
1212 2012 1393 2085 Hieronymus
1416 2012 1522 2075 Euiser,
1546 2013 1643 2069 blucia-

347 2114 400 2153 nus
423 2096 532 2159 bubus,
561 2098 597 2151 lo.
621 2097 768 2158 bernerus,
798 2097 931 2169 Georgius
954 2095 1124 2169 spalatinae,
1154 2097 1270 2152 'llionias
1294 2098 1467 2159 l'enatorius,
1497 2098 1533 2153 lo.
1558 2099 1643 2154 Hane·

348 2198 411 2243 rus,
435 2188 463 2237 et
486 2180 574 2255 qttalia
598 2189 627 2237 tn
651 2182 676 2237 in
699 2182 794 2256 primis
817 2182 924 2241 existis.
953 2182 1109 2236 doctissime
1132 2183 1167 2237 oti
1191 2182 1325 2241 Laurens.
1357 2190 1386 2236 ut
1409 2199 1440 2237 ex
1463 2182 1555 2238 multis
1578 2200 1643 2257 pau-

345 2266 474 2323 eiasimos
498 2282 651 2321 recenseam
673 2265 855 2339 consultoque
879 2274 1039 2339 preteream
1062 2266 1184 2339 reliquos
1207 2265 1349 2321 litterariae
1372 2266 1410 2322 rei
1427 2264 1570 2340 procerae,
1595 2267 1642 2340 qui

347 2351 434 2407 sacris
457 2349 554 2405 initiati
578 2366 633 2406 non
656 2358 731 2411 sunt,
761 2350 883 2405 moribus
914 2360 1002 2405 tamen
1025 2368 1056 2406 ae.
1078 2352 1139 2405 vitae
1162 2350 1300 2423 probitate
1321 2351 1463 2406 admodum
1486 2351 1642 2407 excelleant.

310 2434 438 2509 osopo
460 2435 550 2490 omnia
573 2452 637 2491 vero
661 2435 806 2507 theologus
829 2435 902 2490 viciis
926 2435 1050 2489 omnibns
1073 2445 1163 2490 eareat
1185 2453 1215 2489 ac
1237 2435 1382 2489 virtutibus
1397 2436 1502 2491 cunctis
1517 2436 1643 2496 abundet.

347 2536 382 2576 ae
405 2518 475 2575 lacta
498 2518 630 2575 doctrinae
651 2520 789 2576 contraria
809 2536 870 2574 esse
893 2519 1154 2592 deprubeiulantor.
1179 2520 1305 2592 qiiiuiiaui
1329 2538 1383 2575 noo
1407 2522 1434 2575 in
1457 2519 1539 2574 verbo
1556 2538 1644 2594 neque

348 2603 456 2677 lingua.
488 2603 536 2659 sed
564 2619 647 2676 opere
676 2612 705 2659 et
730 2604 845 2659 veritate
876 2603 934 2657 laus
962 2605 1050 2659 oannis
1073 2605 1209 2660 consistit.
1241 2605 1316 2677 atqui
1339 2622 1394 2660 riou
1418 2622 1450 2659 ea
1473 2606 1546 2659 otoni
1569 2605 1644 2678 ligno
1708 2626 1712 2633 ·

348 2688 498 2745 Herennius
520 2685 627 2763 exciilpi
649 2689 751 2762 poterit
754 2729 901 2743 .......

348 2856 372 2913 ¹
397 2770 613 2913 nlJpVIllledibus
635 2773 737 2829 nostris
766 2772 849 2829 tertio
872 2772 1001 2828 kalendas
1024 2772 1192 2846 Septembris
1216 2746 1292 2828 iluno
1316 2773 1510 2848 redemptionis
1541 2781 1644 2829 nostra

312 2868 340 2909 a
375 2899 381 2911 .
418 2898 450 2913 ..
510 2899 517 2911 .

366 3086 507 3124 ncaom.
935 3055 1054 3130 LXV.
1442 3082 1462 3121 ³-
1477 3089 1552 3124 sarr·
1569 3084 1627 3123 ¹⁵¹⁷·

1436 3145 1644 3154 ———...-

450 3225 455 3248 ⁸
560 3207 715 3289 [loannes
737 3212 918 3269 cucullata
940 3214 1108 3270 tutabatur.)
1130 3209 1387 3290 PlllCliHElllEIlO]
1411 3213 1436 3268 S.

435 3329 588 3404 lncrepatio
605 3338 665 3392 tua,
689 3332 792 3404 optimc
807 3332 842 3387 mi
858 3332 885 3386 ll.
901 3331 1043 3393 llilibalde.
1068 3340 1098 3387 ut
1122 3332 1222 3393 fidelis.
1247 3333 1283 3386 ita
1305 3340 1334 3386 et
1356 3334 1508 3389 necessaria
1531 3351 1645 3407 prorsus

352 3411 426 3470 tait!
428 3457 601 3469 ........
624 3413 700 3483 Quod
724 3415 871 3471 lluttenum
894 3435 982 3476 anias.
1013 3417 1077 3471 lacis
1101 3418 1172 3489 queid
1197 3417 1350 3471 litterarum
1373 3418 1455 3472 beroa
1478 3420 1569 3478 decet:
1592 3436 1644 3492 ego

320 3499 474 3554 ramsolens
497 3499 607 3555 verbum
632 3515 686 3556 aon
708 3500 829 3562 reddidi,
852 3508 879 3555 et
901 3500 972 3574 aputl
995 3501 1205 3556 contubernales
1229 3503 1287 3556 eius
1311 3517 1369 3557 sum
1394 3502 1645 3575 lnequeutissiuius;

352 3600 440 3656 neque
462 3584 521 3640 scio
544 3601 624 3657 quem
646 3601 678 3639 ex
701 3584 830 3639 litteratis
852 3585 944 3640 amieis
967 3603 1086 3658 iiuqiiaiu
1110 3586 1213 3658 perdidi
1230 3594 1331 3660 praeter
1346 3587 1372 3640 ll.
1390 3586 1519 3648 Helium,
1544 3588 1590 3661 epu
1607 3596 1646 3643 ta·

352 3685 410 3723 men
433 3685 476 3724 nte
498 3685 561 3724 rere
585 3686 720 3741 nunquam
743 3669 840 3734 amavit
843 3711 1038 3723 .........
1063 3670 1132 3724 Rene
1163 3669 1235 3731 vale,
1267 3670 1511 3727 oliaeriandissime
1541 3673 1575 3727 mi
1598 3673 1646 3728 do·

353 3753 421 3808 miae
444 3751 582 3808 bilibalde.
626 3752 662 3808 Ex
684 3754 805 3808 bononia
827 3761 851 3814 3.
874 3754 918 3809 die
941 3754 1109 3827 Septeiobris
1132 3756 1209 3809 Auuo
1235 3761 1309 3814 1517.

621 3901 704 3950 va.
728 3901 884 3953 Heumann.
904 3901 1003 3956 (ladio.
1017 3902 1084 3949 bibl.
1098 3901 1135 3950 11⁰.
1150 3902 1203 3954 to.)
1217 3919 1242 3967 p.
1256 3901 1299 3952 31.
1312 3918 1370 3966 sqq.

329 4187 350 4228 ²⁵
372 4201 534 4240 umma.
928 4170 1068 4244 LXVI.
1444 4186 1474 4252 t..
1490 4187 1645 4254 seretur-t

554 4303 774 4384 patuerint-'s
796 4310 918 4366 abnatat
941 4305 1387 4394 (1111111111)ΡΙΜΗΕΙΜΕΗΟ]
1412 4311 1437 4362 S.

436 4425 501 4494 Qun
516 4427 549 4482 de
564 4426 674 4482 bomine
691 4427 809 4482 llutteno
826 4429 936 4491 scribis.
954 4430 1089 4503 astipulor
1104 4429 1168 4484 tilii:
1192 4447 1222 4483 ea
1240 4427 1314 4483 vultu
1331 4445 1407 4500 quasi
1424 4429 1562 4483 noscitur:
1580 4428 1647 4502 legit

361 4509 418 4566 aiut
440 4510 564 4568 nltimam
586 4528 661 4568 suam
685 4513 843 4569 invectivam
865 4531 944 4588 quain
969 4516 995 4570 in
1018 4516 1113 4571 ducem
1129 4512 1409 4585 ll'irtcmbergenseiu
1425 4513 1550 4586 scripsit;
1572 4521 1647 4569 certe

744 4660 842 4710 aava
861 4631 1086 4712 Ηειιῖιῖὦιῗιῗξ.
1101 4680 1127 4728 p.
1140 4661 1199 4711 aas.
1213 4676 1383 4740 ⁸2——

418 4791 620 4858 ‘llxstauiesis
632 4794 667 4844 A.
719 4796 906 4859 Eystautiisis
925 4797 958 4847 B.
1044 4796 1235 4864 'Eetieampd
1257 4799 1296 4848 Io.
1315 4797 1387 4849 llorlr
1404 4813 1451 4848 oen
1470 4799 1648 4861 Somnerfeld.

361 4871 407 4909 ¹⁸¹¹
424 4876 543 4944 Laeder]
561 4879 709 4930 botherus.
772 4879 794 4911 ¹²
811 4881 1027 4947 Vinphelingius
1040 4883 1074 4932 B.
1127 4882 1148 4915 ¹⁸
1165 4884 1298 4933 literarlee
1313 4883 1345 4931 B.
1393 4880 1415 4914 ²²
1432 4881 1583 4949 Pythagor.
1603 4898 1647 4948 ap.

362 4958 432 5026 Apul.
443 4962 523 5027 apol.
537 4979 563 5030 p.
571 4961 656 5026 imp.
669 4964 707 5014 11.
721 4979 747 5029 p.
756 4962 815 5014 atto.
830 4965 872 5016 ed.
884 4965 1010 5017 Oudend.
