3917 5950
454 609 622 659 lixxxllll.
643 622 766 657 rrvrrssr
781 621 817 655 so
831 621 943 656 cnorvn
957 621 985 655 ru
1001 621 1128 655 siunssn
1143 620 1297 656 ιἰιιιιιτιο.
1319 613 1377 655 tals.
1491 590 1561 661 183

262 781 322 840 sint
345 778 464 848 baberi,
493 777 564 838 nihil
586 776 642 837 sibi
665 783 815 845 constare,
844 776 992 837 neminem
1014 781 1063 835 ant
1086 794 1102 836 a
1125 794 1241 835 monim
1264 776 1429 851 integritate
1451 776 1561 836 bonurn

263 888 311 941 ant
337 880 503 941 eruditione
526 879 644 939 doctum
668 879 805 947 iudicari,
829 877 880 938 sed
902 876 1027 937 alterurn
1049 875 1162 937 erreidlo
1184 877 1313 946 ostendi,
1336 876 1460 937 altinum
1478 877 1561 937 titulo

263 991 415 1061 uteunque
437 981 580 1060 acquisito
603 981 737 1058 exprimi.
782 978 844 1047 Tu,
869 979 971 1047 Crete,
996 979 1046 1056 ‹pd
1067 980 1181 1038 seritius
1203 980 1301 1038 ‹truriia
1316 978 1466 1057 intelligis,
1490 981 1629 1057 «puden.

263 1086 359 1146 vidisti
381 1089 556 1161 tempestate
584 1090 684 1142 nostra
708 1082 903 1141 Clnistiannm
934 1082 1027 1158 magis
1055 1098 1141 1157 (priam
1170 1079 1235 1140 illos
1262 1098 1357 1157 irriper
1379 1080 1493 1141 Erasini
1521 1080 1561 1141 ls-

239 1187 370 1248 sboresl
403 1191 453 1245 aul
476 1184 546 1263 (prid
569 1192 670 1244 eontra
694 1184 787 1261 magis
809 1184 931 1243 inrisum
955 1183 1000 1241 nis
1022 1182 1201 1241 Tliomistisl
1235 1190 1266 1241 nt
1293 1182 1500 1251 susurrabant,
1530 1190 1562 1243 nt

264 1287 446 1355 tremebant,
479 1293 513 1346 nt
534 1285 718 1362 stringebant
739 1283 910 1361 supercilia,
944 1292 973 1343 ul
1007 1302 1093 1342 nasos
1121 1282 1353 1361 suspendebant:
1387 1283 1433 1342 ilia
1463 1286 1560 1361 rumpi

262 1390 309 1449 bis
331 1388 451 1455 eredas,
475 1387 590 1465 quoties
612 1386 669 1447 tale
691 1384 799 1463 ali‹pdd
822 1386 959 1445 viderint:
983 1385 1021 1443 ita
1045 1382 1145 1444 alienis
1167 1385 1322 1444 virtutibus
1344 1385 1472 1445 iruident
1495 1404 1560 1463 pes·

262 1492 329 1551 simi
351 1491 502 1557 bomines;
526 1489 564 1547 ila
587 1488 763 1548 conscientia
787 1488 907 1564 igniaria:
929 1506 989 1546 suae
1013 1488 1181 1547 eradantur
1211 1485 1380 1546 nelmlones.
1425 1488 1461 1546 ilt
1490 1496 1627 1551 trient-n.

262 1593 398 1653 strermni
421 1596 505 1660 sunt,
529 1589 645 1669 qnando
669 1590 698 1648 in
720 1607 773 1648 sno
796 1587 845 1647 ille
869 1606 975 1666 reguo,
999 1586 1117 1665 publico
1139 1595 1292 1665 suggesto,
1316 1589 1393 1665 apim
1409 1589 1559 1649 imloetnm

227 1692 371 1773 tomlgns
393 1712 427 1753 ac
450 1691 586 1752 levissimi
609 1709 696 1751 sexus
724 1689 840 1751 turbam
869 1688 1046 1749 declamant:
1081 1690 1120 1749 lbi
1151 1688 1295 1759 lacerant,
1330 1689 1369 1748 ibi
1396 1690 1560 1751 inevidentia·

260 1814 323 1855 snae
345 1794 481 1855 stimulos
503 1799 627 1853 exerunt
649 1811 682 1852 ae
698 1791 767 1851 illnd
784 1790 964 1851 eiaculantur
980 1791 1111 1851 terribile
1128 1791 1237 1852 inlinen
1254 1801 1284 1852 et
1297 1793 1405 1852 urinum
1422 1800 1558 1851 esonmnt

261 1914 427 1964 uenenum,
460 1913 520 1955 non
547 1896 577 1954 in
607 1911 657 1955 eos
676 1872 708 1953 in
732 1911 807 1972 qrros
829 1911 949 1953 sreoesse
973 1901 1030 1961 est,
1064 1894 1115 1953 sed
1139 1912 1213 1970 (piros
1239 1893 1294 1953 sibi
1322 1893 1462 1953 riiolestos
1492 1911 1556 1954 esse

261 1997 386 2058 ubilibet
408 1998 537 2075 contigit.
582 1995 779 2056 Alexandrum
802 2002 918 2054 sextum
940 2002 1040 2055 nostra
1055 1996 1197 2055 memoria
1213 1995 1380 2071 pontisnem
1395 1997 1554 2056 maximum
1566 2016 1624 2066 §.aa

260 2099 371 2159 dixisse
394 2099 508 2168 lerunt,-
531 2098 823 2175 competentissime
846 2114 916 2174 rege
938 2104 988 2156 aiu
1011 2097 1143 2174 principe
1166 2095 1252 2156 malle
1275 2095 1330 2156 sibi
1353 2097 1462 2158 bellum
1494 2116 1558 2157 esse

225 2212 250 2253 ¹⁵
260 2220 349 2280 quiam
373 2219 442 2261 enm
463 2218 523 2261 nno
546 2218 581 2260 ex
604 2201 728 2260 fratrum
757 2197 983 2258 nioridieantium
1014 2198 1181 2259 ordinibus:
1216 2200 1313 2258 omnia
1340 2201 1418 2259 eslim
1448 2199 1558 2259 babere

260 2322 312 2362 eos
335 2303 386 2381 apri
408 2300 480 2361 nibil
503 2300 626 2370 babent,
650 2320 683 2361 ae
705 2300 932 2377 inexpugnabile
954 2299 983 2359 id
1003 2317 1066 2360 esse
1082 2300 1234 2360 bominum
1250 2319 1358 2377 geritis,
1382 2319 1557 2378 qrraeunqne

260 2403 394 2463 certandi
416 2404 459 2462 ria
482 2402 633 2462 adoriaris.
679 2401 783 2462 Nescio
806 2402 971 2461 acutissime
995 2401 1057 2461 baec
1079 2402 1287 2481 eonspderem,
1311 2421 1347 2462 an
1369 2422 1438 2461 sero
1454 2402 1624 2478 dolorepas

259 2523 327 2565 meo
342 2504 429 2564 latins
445 2505 564 2572 elieser:
586 2505 644 2564 lroo
659 2510 738 2564 eerto
753 2511 838 2581 puni.
855 2504 1002 2563 neminem
1019 2521 1078 2562 non
1094 2504 1251 2563 riviliorem
1268 2504 1391 2582 reperiri
1407 2503 1556 2571 rictorem,

258 2606 360 2684 siqnm
383 2606 558 2684 disputando
581 2604 844 2682 concludendoqne
868 2604 942 2663 rinei
965 2605 1133 2682 eontigerit,
1164 2623 1252 2683 qrrarn
1282 2606 1336 2664 lios
1359 2612 1557 2682 praeposteros

222 2706 368 2767 ²⁰Cbristi
390 2706 547 2785 apostolos.
593 2705 663 2784 qrrid
686 2707 763 2766 enim
786 2705 933 2765 crudelius
956 2723 1085 2783 siliquam
1108 2707 1238 2775 sensisti,
1267 2725 1354 2784 qrrarn
1377 2707 1427 2766 nbi
1454 2720 1565 2784 quem-¹

259 2809 338 2887 piam
361 2810 542 2885 arripuerint
564 2826 668 2868 eornm
690 2826 765 2888 quos
786 2807 941 2867 liasretieos
963 2810 1084 2866 vocant?
1107 2816 1177 2868 tune
1193 2810 1301 2886 quippe
1317 2808 1413 2867 onirlia
1429 2808 1554 2877 Clnisto,

259 2918 369 2988 praeter
392 2928 480 2969 unam
503 2910 748 2978 misericordiam,
772 2910 952 2976 concedunt,
976 2916 1002 2968 et
1027 2910 1104 2987 quod
1128 2909 1168 2969 illi
1191 2911 1344 2988 proprium
1360 2909 1485 2968 inaxliue
1501 2918 1553 2980 est,

259 3013 315 3072 boe
338 3019 402 3072 lum
418 3012 587 3090 longissime
602 3011 747 3090 ablegant.
792 3013 950 3089 quinetiam
966 3013 1040 3072 adeo
1056 3012 1213 3073 insolentes
1229 3029 1260 3071 se
1276 3019 1396 3088 gerunt,
1420 3018 1452 3070 ut
1467 3030 1554 3071 nemo

258 3133 317 3174 uon
341 3113 477 3173 damnari
498 3113 593 3182 malit,
617 3132 704 3192 qiram
727 3114 764 3173 ab
788 3113 831 3172 liis
854 3116 993 3191 eonseqni
1016 3116 1138 3173 reniam.
1184 3113 1238 3183 Qui
1262 3132 1328 3172 enm
1352 3114 1556 3190 oppugnandis
1565 3123 1583 3172 t.
1594 3126 1623 3169 n.

222 3215 361 3284 ononis,
392 3233 519 3293 «prorum
548 3215 731 3292 patrimoniis
758 3214 890 3283 aluntur,
927 3217 1080 3275 sentrieosi
1110 3215 1269 3294 luporrine
1291 3216 1365 3274 adeo
1388 3217 1502 3275 leroees
1524 3235 1555 3276 se

257 3317 431 3384 exlrilieant,
466 3315 564 3376 nullus
585 3322 684 3376 tumen
707 3317 854 3393 reperitur
877 3318 926 3395 qui
949 3317 1098 3396 religionis
1121 3317 1183 3376 zelo
1208 3318 1236 3376 in
1258 3317 1371 3377 Tureas
1393 3324 1440 3376 eat
1467 3317 1553 3377 tidem

257 3417 365 3478 Christi
388 3417 616 3496 predicaturus,
640 3425 689 3478 ant
710 3417 774 3477 illos
795 3417 897 3478 saltem
913 3420 941 3478 in
960 3419 1055 3479 inedie
1070 3427 1205 3479 nostrum
1220 3419 1368 3479 bohemos
1383 3425 1415 3478 nt
1431 3418 1553 3489 ernuliat,

256 3537 332 3598 qnos
353 3518 471 3578 illorum
495 3519 562 3579 silio
585 3525 716 3580 secretos
738 3518 775 3579 ab
799 3520 919 3580 ecelesia
937 3521 1004 3581 l'ins
1027 3521 1174 3582 seenrnlns
1189 3521 1318 3598 pontifex
1335 3522 1479 3580 maximus
1494 3539 1552 3581 non

256 3620 386 3681 obsemo
407 3622 550 3699 qumitur.
595 3620 732 3681 Proleeto
755 3621 806 3681 ubi
828 3621 900 3681 nibil
923 3640 997 3699 opus
1021 3630 1081 3691 est,
1116 3624 1276 3692 ferociunt:
1311 3622 1361 3682 nbi
1384 3623 1620 3683 lbeirrinlurntn.

223 3721 439 3800 opericulum,
462 3721 502 3781 lbi
525 3741 557 3782 se
580 3721 757 3783 subtrabunt
777 3724 892 3801 providi
914 3731 1106 3801 pergiraloreS,
1129 3744 1163 3784 ao
1185 3726 1313 3802 quietern
1336 3723 1461 3801 allegant
1487 3743 1552 3802 qnae

256 3823 400 3884 debeatur
423 3821 566 3901 religioni.
612 3823 655 3883 ,ln
684 3825 755 3903 qnid
784 3826 872 3903 igitur·
900 3826 969 3884 istas
998 3831 1097 3901 prdem
1128 3827 1262 3887 ronlerre
1285 3825 1473 3886 selmlastiras
1495 3827 1552 3886 dis·

256 3925 452 4003 reptationes,
482 3932 525 3985 tot
547 3926 613 3995 siis,
642 3918 701 3986 tani
724 3927 845 3986 dirersis
868 3928 943 3987 inter
966 3946 997 3986 se
1020 3928 1206 4004 opinionibus
1236 3930 1441 3988 eririeinnatasl
1475 3928 1553 3988 nude

261 4024 322 4086 bare
346 4027 481 4097 nomina,
510 4027 565 4087 bos
587 4034 731 4105 usurpant
752 4028 869 4089 titulos?
901 4029 1097 4110 Hieronymus
1120 4051 1135 4090 a
1157 4030 1353 4108 piscatoribus
1375 4030 1451 4089 srnni
1473 4030 1552 4107 qnod

521 4121 533 4143 .

322 4245 494 4297 ’Cucullus
513 4245 632 4297 Titulus.
645 4249 765 4312 morpli.
836 4247 846 4278 ³
865 4251 956 4300 omnia
975 4252 1085 4300 scirtius
1098 4252 1130 4300 B.
1145 4255 1169 4299 5.
1181 4254 1204 4298 6.
1269 4248 1279 4280 ¹
1298 4246 1404 4298 Eralmi
1423 4247 1550 4297 lucubru-

257 4331 471 4396 troesenen.
524 4332 749 4382 ¹coseientiut'.
802 4331 1036 4386 ”strenuittsa
1095 4334 1549 4400 llegnii'sbeologorum.resorpll.

259 4414 276 4448 ¹¹
295 4414 408 4465 sulmem
423 4415 450 4466 G.
487 4413 937 4483 ¹³Aloxo.b'l.dictnni.irim·p.D.
976 4419 995 4452 ¹¹
1013 4422 1199 4485 &animust
1238 4418 1548 4470 ¹⁷eonlidere1ut'.5.6.

259 4498 277 4531 ¹¹
295 4499 425 4552 Incinilis
444 4500 573 4551 uictoris.
593 4503 714 4565 maruli.
777 4500 797 4533 ¹¹
816 4503 977 4569 Praepolteri
996 4503 1129 4570 Apostoli.
1148 4506 1268 4569 :aterplt
1328 4502 1348 4535 ¹¹
1370 4506 1444 4569 Erga
1463 4505 1549 4555 liuere·

258 4582 553 4650 lieofl,dles.marp.D.
605 4584 628 4617 ²²
644 4589 832 4650 fimum).
889 4586 1383 4654 ²⁵Vemricosihppoe‘ritauantiepl).
1428 4588 1549 4639 ²¹¹'l'hnr·

259 4683 302 4719 eas
316 4669 344 4720 C.
397 4669 503 4719 Tuscos.
522 4687 602 4735 mnrp.
618 4672 649 4720 Ι).
702 4670 854 4721 ²⁷Boomos
869 4674 895 4723 C.
948 4673 1205 4738 liolreniimarpll.
1259 4673 1281 4704 ¹⁸
1299 4676 1366 4724 Pius
1378 4675 1415 4724 11.
1429 4692 1507 4739 mtrrp.
1517 4678 1548 4724 1).

259 4751 505 4805 Pont.blax.edr'ti.
558 4753 581 4786 ²¹
600 4756 758 4806 laciendum
772 4760 795 4806 o'.
866 4756 888 4789 ¹⁰
906 4759 1004 4823 prolidi
1019 4759 1141 4808 D.l('m·e
1154 4776 1184 4808 ne
1198 4758 1296 4825 perfidi
1308 4759 1388 4825 nelis.)
1453 4762 1548 4823 Quies.

260 4841 373 4902 ιιινρλ).
438 4836 460 4871 ¹¹
487 4836 651 4890 leolal'ticss
672 4842 698 4891 (e,
770 4842 930 4894 Seolal'tiem
960 4841 1188 4909 disceptationes.
1213 4848 1339 4910 irimpb.
1403 4845 1424 4876 ³³
1449 4847 1547 4896 Hiero-

261 4921 360 4989 nymus]
380 4923 484 4976 comm.
498 4925 527 4975 in
540 4941 583 4990 op.
598 4925 633 4974 sd
646 4927 701 4976 Tit.
716 4928 767 4977 111.
781 4926 826 4977 ll?
896 4929 1088 4992 Hieronymus.
1108 4932 1226 4996 simpl).
