3917 5950
305 612 377 688 334
415 627 495 680 CLV.
510 641 678 680 anconam.
688 641 723 678 ne
735 641 867 680 vnsccn
899 624 994 679 CLVI.
1008 642 1345 681 curmolensem.
1357 637 1581 681 nannenten.

303 801 455 862 bominum
485 817 570 858 mnes
598 805 686 876 atque
714 795 790 858 oculi
818 797 1017 877 denegentur,
1050 797 1102 858 sed
1125 797 1348 861 describendam
1372 800 1502 862 librariis
1523 802 1598 861 dedi·

303 921 378 964 mus.
424 900 480 962 Ubi
502 909 549 969 tu,
573 899 651 959 bone
672 898 783 969 lector,
808 899 878 960 boni
899 898 1036 968 consule,
1068 899 1212 979 nobisque
1234 904 1264 963 in
1287 904 1417 964 veritatis
1440 904 1599 981 patrocinio

304 1006 419 1065 lertiter
441 1001 556 1062 adsiste.

322 1220 457 1255 nisinen.
885 1184 1019 1260 CLVI.
1170 1274 1172 1278 .
1376 1216 1409 1257 n.
1423 1221 1508 1257 uisi.
1524 1217 1582 1258 iseo.

512 1341 752 1399 GVOLPHANGVS
774 1342 892 1399 cantro
914 1343 1047 1400 unusne
1070 1343 1291 1400 ROTERODAMO
1315 1345 1340 1400 S.
1365 1347 1393 1401 n.
1606 1365 1616 1401 s

390 1462 491 1535 Scripsi
514 1461 645 1534 proximis
661 1460 778 1523 litteris,
802 1462 901 1535 opinor
916 1462 1144 1535 nudiusquartus,
1167 1462 1200 1517 de
1216 1462 1286 1518 libro
1303 1463 1418 1520 Eiliiamli
1435 1466 1496 1529 Lei,
1521 1484 1598 1540 quem

303 1547 442 1603 Conradus
464 1545 612 1618 bibliopola
633 1545 807 1607 Parmensis,
831 1545 966 1602 l'robenio
990 1546 1092 1608 alliuis,
1116 1565 1166 1602 suo
1189 1546 1244 1603 illic
1266 1557 1377 1622 sumptu
1399 1567 1529 1606 excusum
1550 1551 1599 1605 buc

303 1633 404 1688 attulit.
448 1631 470 1686 si
493 1630 595 1704 pateris
618 1637 648 1684 ut
664 1630 758 1703 Capito
780 1630 924 1686 consilium
947 1632 994 1686 det
1009 1631 1133 1693 Erasmo,
1158 1632 1210 1687 boe
1230 1639 1272 1687 est
1295 1631 1346 1688 Sus
1363 1634 1505 1697 blinervae,
1529 1654 1597 1709 pra·-

304 1718 406 1773 stiterit
429 1733 484 1771 rem
508 1722 592 1769 totam
615 1723 645 1769 ut
667 1715 745 1769 inane
768 1714 861 1786 fulgur
887 1733 918 1770 ex
949 1717 1034 1778 vitro,
1066 1716 1139 1789 quod
1166 1716 1254 1779 aiunt,
1283 1717 1425 1790 negligere
1457 1719 1597 1793 riilereque

304 1820 408 1857 secure.
453 1816 508 1854 non
531 1808 573 1854 est
594 1799 665 1853 enim
689 1799 760 1871 quod
785 1807 902 1860 metuas,
926 1817 960 1855 ne
982 1799 1052 1855 liber
1075 1809 1128 1855 tam
1151 1800 1285 1863 insulsus,
1309 1819 1343 1857 ne
1358 1802 1446 1859 dicam
1463 1803 1625 1864 raliiosus,n

304 1887 375 1959 apud
398 1902 493 1957 graves
516 1892 543 1938 et
566 1884 687 1938 eruditos
710 1883 783 1938 viros
805 1893 902 1939 noceat
925 1885 1118 1940 existimationi
1143 1892 1205 1940 tuae.
1250 1903 1342 1941 verum
1366 1887 1417 1943 boe
1439 1888 1524 1943 ambit
1539 1888 1596 1959 glo·

304 1970 438 2030 riosulns.
462 1976 493 2024 ut
516 1975 604 2023 tecum
626 1968 749 2022 videntur
772 1968 855 2023 luisse
884 1976 1058 2041 congressus.
1103 1969 1126 2024 si
1156 1978 1182 2025 tc
1213 1971 1301 2044 ipsum
1329 1971 1396 2026 satis
1425 1974 1518 2033 nosti,
1544 1990 1596 2028 uon

303 2054 460 2126 dignaberis
483 2051 558 2107 illum
581 2052 633 2107 boc
655 2052 769 2107 lionorc.
813 2052 897 2108 Nemo
920 2070 974 2109 non
998 2053 1130 2127 perspicit
1151 2055 1236 2110 Leum
1264 2055 1296 2110 ad
1327 2063 1430 2111 tautam
1460 2057 1595 2131 impuden-

304 2141 367 2195 tiam
390 2137 576 2194 ertiiuulatum
598 2137 717 2192 nominis
739 2145 767 2192 ct
789 2138 866 2192 laniae
888 2138 1039 2194 desiderio:
1063 2147 1208 2212 postquam
1231 2147 1396 2213 extorquere
1418 2159 1475 2196 nou
1497 2143 1594 2215 poluit,

303 2233 334 2280 ut
358 2233 386 2280 et
415 2223 456 2278 sni
484 2221 613 2277 memoria
642 2229 746 2277 extaret
774 2221 800 2276 in
828 2222 1051 2278 annotationibus
1079 2223 1148 2285 tuis,
1181 2225 1294 2280 tentavit
1321 2224 1364 2280 vel
1394 2243 1445 2282 suo
1475 2226 1621 2299 peniculon

303 2308 442 2365 noscitari.
485 2306 564 2362 Dolet
586 2306 696 2378 ingenio
719 2305 887 2378 gloriosulo.
911 2307 984 2380 quod
1008 2307 1135 2381 quicquid
1159 2308 1241 2364 babes
1264 2309 1443 2372 eruditionis,
1468 2311 1519 2384 ipsi
1542 2327 1592 2364 mm

304 2393 399 2449 tuleris
422 2399 575 2465 acceptum:
600 2392 696 2445 lamam
719 2391 787 2445 sitiit
810 2390 945 2452 misellus,
970 2400 998 2446 et
1012 2391 1123 2447 lntnbn
1146 2393 1218 2466 qiiod
1241 2393 1324 2455 sitiit,
1348 2411 1436 2467 usque
1460 2395 1491 2449 ad
1515 2396 1592 2450 satie·

304 2485 399 2534 tatem:
433 2493 493 2532 nam
521 2476 663 2531 reddemus
686 2474 762 2529 illum
784 2476 865 2530 etiam
887 2473 1030 2531 Erostrato
1053 2475 1229 2539 nobiliorem,
1265 2477 1353 2550 siquid
1383 2487 1516 2551 poterunt
1539 2478 1591 2534 stili

303 2562 460 2617 Germaniae.
505 2560 567 2614 blibi
590 2559 727 2615 blanditur
749 2560 829 2614 etiam
851 2559 1052 2615 laudatiuncnla
1075 2561 1177 2616 fucata:
1200 2562 1267 2617 adeo
1289 2579 1340 2617 nos
1357 2561 1458 2619 iudicat
1474 2563 1590 2624 bebetes,

303 2656 333 2703 ut
356 2663 411 2701 non
434 2646 580 2701 odoremur
603 2643 671 2698 tales
694 2643 818 2699 tecbnas:
842 2643 940 2699 babeat
962 2644 1013 2700 sibi
1037 2662 1099 2700 suas
1122 2644 1230 2709 laudes,
1253 2663 1332 2703 ucmo
1355 2645 1509 2704 Germanus
1525 2649 1619 2704 leretn

303 2730 383 2786 talem
406 2746 571 2803 praecuntem.
601 2747 615 2783 a
644 2746 698 2800 qno
725 2727 828 2783 laudari
857 2729 963 2801 turpius
993 2728 1131 2802 sit-qnam
1152 2731 1308 2803 vituperari.
1353 2730 1495 2788 blanditur
1516 2734 1591 2788 etiam

302 2816 422 2871 llnttene
446 2822 473 2870 et
495 2813 624 2887 dapnioni
648 2812 779 2868 stultulus
803 2813 868 2868 iste:
898 2831 948 2869 nos
976 2814 1058 2870 eredo
1087 2832 1138 2888 pro
1167 2815 1307 2888 stipitibus
1335 2814 1432 2877 babet,
1462 2834 1517 2872 non
1545 2834 1591 2890 pro

302 2900 472 2956 bominibus:
495 2906 522 2953 at
545 2897 644 2953 sentiet
667 2898 805 2958 bomines,
829 2914 883 2953 non
907 2898 1022 2971 iunges:
1052 2898 1212 2954 tractabitur
1233 2899 1372 2955 cornicula
1405 2908 1435 2955 ut
1465 2910 1589 2961 meretur.

302 3004 352 3043 uec
379 2987 428 3042 bae
455 3002 542 3058 poena
571 2983 671 3039 crimus
700 2983 838 3044 contenti,
867 2991 898 3037 ut
927 2983 966 3038 illi
990 2983 1095 3056 plumas
1117 3001 1172 3040 uon
1196 3002 1259 3040 suas
1285 2986 1470 3042 detrahamus.
1515 2988 1590 3042 audio

302 3072 412 3127 llutteni
435 3069 528 3125 stilum
552 3069 614 3136 iam
633 3085 693 3123 esse
723 3068 750 3122 in
779 3084 876 3140 operm
910 3068 1132 3142 Oecolampadius
1162 3070 1268 3125 tametsi
1295 3070 1456 3126 mitissimus
1484 3082 1527 3126 est
1555 3072 1617 3127 in-es

301 3157 398 3229 genio,
433 3163 521 3210 tamen
544 3154 577 3208 ad
600 3153 720 3225 insignes
743 3151 934 3225 sycophantias
962 3153 1060 3208 mirum
1090 3170 1169 3227 quam
1198 3154 1387 3216 excanduerit,
1422 3155 1504 3211 borno
1533 3174 1591 3210 vere

301 3241 446 3296 tlbristiani
470 3238 603 3313 pectoris;
627 3237 740 3292 eximius
762 3237 875 3291 Cnsarei
899 3237 966 3292 iuris
989 3237 1131 3310 professor
1149 3238 1243 3293 Zazius
1267 3255 1320 3294 non
1343 3246 1438 3312 potest
1461 3239 1527 3295 satis
1549 3242 1591 3296 ad·

301 3326 392 3380 mirari
416 3326 442 3380 in
465 3324 574 3379 bomine
597 3329 650 3377 tam
674 3322 782 3377 indocto
807 3328 910 3376 tanturn
934 3323 1112 3394 arrogantiae,
1143 3322 1169 3377 in
1201 3323 1342 3378 sacerdote
1374 3331 1480 3380 tantum
1502 3325 1590 3380 diabo-

301 3409 344 3464 lici
368 3411 471 3464 veneni.
516 3407 593 3474 Quod
616 3406 657 3462 bis
681 3407 732 3461 iam
754 3406 896 3467 admones,
920 3407 1167 3480 faciamquautum
1183 3405 1297 3480 potero:
1321 3425 1382 3463 nam
1399 3410 1472 3482 quod
1489 3410 1589 3469 siiades,

300 3503 331 3549 ut
353 3493 419 3548 nibil
444 3493 553 3547 onunno
576 3492 769 3564 respondeam,
800 3508 854 3545 non
885 3507 996 3563 possum
1020 3492 1153 3564 imperare
1181 3493 1271 3547 animo
1294 3510 1363 3549 meo.
1409 3494 1496 3550 Porro
1520 3494 1615 3568 quodne

300 3579 452 3652 proximum
468 3577 607 3637 concedis,
631 3584 661 3631 ut
684 3575 706 3630 si
730 3575 793 3648 quid
817 3576 1009 3648 respondeam.
1032 3576 1155 3632 modeste
1170 3578 1366 3651 respondeam,
1391 3579 1513 3634 lecturus
1535 3597 1588 3634 suni

301 3671 435 3736 ‹piratenns
464 3661 536 3717 illius
564 3661 668 3733 patitur
697 3660 878 3715 immodestia:
913 3678 1074 3733 quamquam
1103 3660 1148 3715 ille
1176 3663 1262 3734 magis
1288 3670 1351 3735 eget
1380 3664 1485 3720 medico
1514 3681 1588 3737 quam

300 3749 491 3820 redargutore,
516 3746 538 3800 si
561 3746 628 3800 satis
651 3762 682 3799 ex
706 3744 778 3799 illius
801 3744 910 3817 scriptis
934 3745 1077 3839 ingenium
1094 3744 1204 3818 colligo.
1249 3746 1327 3802 Certe
1356 3748 1434 3819 genti
1457 3756 1587 3821 parcetur.

301 3842 330 3888 nt
353 3833 444 3887 iubes:
468 3838 496 3886 et
517 3846 624 3903 nquinn
648 3829 737 3884 iubes:
767 3829 833 3884 nibil
856 3829 927 3883 enim
951 3829 995 3884 illa
1018 3831 1190 3891 commeruit,
1220 3847 1275 3886 non
1304 3833 1390 3904 inagis
1420 3850 1503 3905 quarn
1530 3834 1589 3887 bor·

301 3918 388 3978 tulus,
413 3916 439 3970 in
462 3932 517 3989 quo
540 3914 697 3970 suboriatur
719 3914 869 3974 aconitum,
893 3913 959 3969 alias
983 3914 1148 3987 optimorum
1171 3914 1295 3971 holerum
1318 3916 1402 3971 ferax.
1445 3917 1498 3972 lam
1522 3933 1614 3972 nuncu

299 4004 332 4059 ad
361 4010 387 4057 te
415 4000 547 4056 misissem
576 4000 668 4071 operis
697 3999 748 4054 mei
778 4007 903 4070 gustum,
933 4000 955 4053 si
985 4006 1078 4055 certus
1106 3999 1204 4073 aliquis
1233 4000 1387 4072 obtigisset.
1432 4018 1488 4057 rien
1518 4002 1588 4056 edam

300 4096 389 4143 tamen
413 4085 463 4141 nisi
487 4087 669 4156 recognitum,
694 4092 740 4138 ant
762 4082 941 4157 approbatum
964 4101 979 4138 a
1002 4083 1146 4147 Rbenanu‚
1170 4102 1203 4140 ne
1225 4085 1290 4140 mibi
1305 4086 1412 4141 novitas
1429 4086 1588 4142 inventionis

300 4175 429 4247 imponat.
473 4170 518 4226 Lei
541 4168 661 4224 libellum
685 4168 803 4223 nondum
826 4167 930 4240 perlegi
953 4176 1055 4224 totum:
1084 4167 1150 4224 illud
1173 4169 1265 4229 video,
1294 4170 1317 4224 si
1345 4170 1480 4225 ademeris
1508 4170 1588 4226 erlida

298 4259 417 4315 convicia
441 4264 468 4313 ct
490 4256 631 4311 mendaces
655 4253 768 4314 indices,
793 4251 897 4326 reliqua
918 4270 978 4308 esse
1001 4253 1184 4326 frigidissima.
1229 4253 1309 4308 Plura
1331 4255 1486 4329 scripturus
1510 4272 1587 4315 eram,

299 4345 346 4399 sed
370 4342 463 4398 ultima
487 4341 561 4396 navis
585 4341 636 4395 iam
659 4338 721 4393 binc
743 4338 798 4392 abit
821 4336 1037 4393 Franclordiam:
1071 4340 1273 4411 properandum
1302 4349 1375 4396 erat:
1409 4357 1487 4412 again
1514 4338 1613 4394 amicin

297 4435 390 4500 partes
419 4426 581 4488 fidelissimi,
615 4442 659 4479 res
688 4423 746 4496 ipsa
773 4421 922 4478 declarabit
950 4421 1032 4478 brevi.
1072 4422 1144 4478 Vale.
1180 4422 1299 4479 basileae.
1337 4423 1401 4477 lll'l.
1424 4424 1479 4479 Gal.
1507 4423 1586 4497 April.

300 4514 347 4566 in.
371 4510 487 4566 unns.
1442 4499 1452 4517 ⁴

298 4656 393 4706 CLVI.
424 4657 799 4722 indic.bibliogr.u.5·2‚t.2.
873 4653 1059 4705 t=f01.l¹l.
1134 4655 1349 4721 2=p.lll.sq.
1385 4658 1585 4708 Erosmicsrnm

550 4742 730 4804 epistularum
749 4739 913 4789 collectores
932 4739 1005 4788 hanc
1024 4738 1181 4804 neglexisse
1200 4741 1337 4790 videntur.

363 4871 483 4938 ’Conrd
503 4876 592 4925 Hercle.
640 4877 796 4926 conrardus
811 4880 834 4925 l.
898 4873 966 4940 ⁸et]
985 4880 1015 4926 vt
1028 4877 1054 4926 1.
1123 4873 1144 4908 ¹⁸
1163 4874 1257 4943 eliam]
1276 4876 1299 4928 dr
1316 4881 1343 4928 2.
1409 4876 1429 4910 ¹⁹
1448 4878 1542 4928 ebetcs
1561 4877 1581 4925 1.

296 4954 318 4989 ²⁵
336 4958 393 5008 inm
404 4960 473 5008 emb.
482 4961 506 5008 1.
575 4958 598 4991 ⁸⁸
616 4961 704 5011 aedam
723 4964 781 5012 1.2.
855 4960 878 4994 ⁴⁰
895 4961 1110 5011 Freukfordism
1127 4964 1154 5011 2.

738 5058 1126 5079 --..-.---......
