3917 5950
532 656 630 713 cern.
650 636 774 713 nerraln
785 676 823 714 rr>
836 674 983 716 mansure
996 674 1126 716 avernen
1138 678 1182 714 ar.
1195 675 1222 717 o.
1236 674 1270 718 as.
1285 678 1362 718 sarr.
1379 673 1438 717 isco.
1560 647 1633 723 429

340 829 394 892 cile
424 839 509 909 potes
536 839 659 911 propter
687 833 765 909 regis
794 839 990 893 commeatum
1018 832 1155 894 euntibus
1188 833 1266 895 ultro
1300 838 1433 917 citroque
1460 837 1635 916 rectoribus)

340 951 428 993 cures
450 932 543 992 libros
571 935 620 1012 qui
649 935 794 1011 compacti
815 942 897 1003 sunt,
928 936 1062 995 ocissime
1084 935 1277 1006 Vormatiarn,
1308 956 1382 1017 quos
1410 947 1562 999 revomens
1589 937 1637 999 ille

340 1036 426 1112 Spira
449 1037 558 1112 possit,
585 1054 653 1095 cum
675 1037 729 1095 ista
751 1038 848 1095 omnia
871 1038 1011 1106 inveniat,
1043 1056 1148 1098 curare
1169 1037 1228 1098 hnc
1250 1039 1335 1107 niilri,
1365 1058 1461 1120 neque
1483 1042 1521 1099 sit
1541 1059 1634 1100 mora.

340 1136 478 1196 Habebas
506 1138 606 1196 nescio
634 1143 705 1214 quot
728 1137 978 1216 Conquestionum
1006 1138 1174 1199 Latinarum
1205 1139 1397 1218 exemplaria,
1426 1158 1491 1218 (qum
1519 1140 1637 1201 dicebas
1646 1147 1691 1200 §.a

322 1236 424 1297 cnolle
448 1239 484 1297 ad
507 1256 539 1297 se
561 1239 695 1316 accipere
718 1237 892 1318 bibliopolas
914 1246 1041 1308 vestros;
1075 1247 1104 1299 at
1128 1258 1208 1300 nunc
1229 1248 1351 1320 propter
1374 1248 1460 1301 tantm
1474 1245 1637 1321 peregrini·

341 1341 408 1397 tatis
431 1339 589 1398 adventum
612 1339 701 1400 credo
724 1340 879 1416 diligenter
907 1341 1066 1401 adcurante
1095 1348 1123 1400 te
1150 1359 1257 1419 magna
1285 1360 1354 1420 pars
1382 1342 1497 1403 divendi
1519 1346 1636 1427 poterit.

342 1438 489 1517 reliquum
518 1440 597 1517 qnod
625 1459 711 1517 posse
734 1441 856 1501 distrahi
878 1442 1033 1519 desperas,
1058 1461 1125 1502 euru
1146 1441 1229 1502 libris
1251 1443 1427 1503 Varmatiam
1449 1447 1540 1504 mitte.
1583 1463 1637 1522 age

337 1548 456 1607 ¹auteur,
486 1541 511 1599 si
540 1560 600 1599 non
627 1540 751 1601 babebis
773 1549 922 1602 vectorem
949 1545 1046 1602 statim
1069 1542 1245 1604 l'ornmtianr
1268 1552 1400 1613 euntem,
1431 1547 1546 1622 Spiram
1570 1566 1638 1607 vero

342 1641 482 1710 nabebis,
513 1642 610 1701 niittas
638 1643 754 1720 Spiranr
781 1642 874 1702 libros
902 1645 938 1703 ad
968 1644 1147 1712 blaternuru,
1178 1647 1227 1724 qni
1250 1646 1286 1704 de
1308 1664 1401 1723 puero
1424 1665 1490 1706 meo
1512 1649 1567 1707 scit
1588 1647 1639 1708 ubi

310 1745 391 1802 rosit.
430 1742 488 1802 Sed
512 1745 537 1802 is
559 1742 633 1803 ultra
658 1762 749 1803 unum
772 1744 850 1803 diern
873 1745 965 1822 spire
988 1764 1048 1805 nun
1070 1746 1247 1807 morabitur:
1278 1749 1333 1807 nisi
1355 1749 1443 1823 igitur
1466 1767 1531 1807 mou
1555 1755 1639 1827 potes

344 1847 475 1911 mittere,
499 1847 595 1921 potius
617 1846 682 1904 vide
704 1852 745 1932 ut-
759 1845 936 1905 Verruatiam
957 1853 1210 1924 transportentur,
1240 1849 1318 1927 qnod
1342 1849 1524 1909 commodius
1546 1850 1637 1910 fieret.

345 1946 581 2023 oportunitatem
604 1954 702 2022 specta
726 1947 755 2004 in
779 1946 823 2006 bis
838 1947 984 2007 omnibns.
1029 1948 1109 2008 llitte
1124 1949 1209 2009 simul
1224 1949 1370 2010 inclusum
1385 1951 1442 2010 tuis
1457 1950 1549 2010 literis
1564 1951 1637 2010 indi·
1649 1963 1695 2014 §.n

345 2066 408 2106 cern
432 2066 534 2107 rerum
556 2056 740 2115 nostrarum,
764 2048 793 2107 id
808 2055 853 2108 cst
867 2068 933 2127 qnae
949 2056 977 2109 et
992 2057 1063 2129 quat
1078 2050 1255 2127 exemplaria
1270 2053 1432 2130 acceperis,
1456 2058 1488 2110 ut
1510 2052 1639 2112 divendi·

344 2148 433 2215 deris‚
451 2167 537 2227 quam
554 2150 813 2209 commutationem
829 2150 950 2219 feceris,
968 2153 1068 2229 quanti
1084 2170 1230 2231 quemque
1246 2152 1353 2212 librum
1370 2154 1486 2221 emeris,
1503 2160 1535 2213 ut
1549 2155 1640 2214 sciam

312 2250 416 2329 aquid
439 2250 491 2309 tibi
513 2249 664 2311 debeatur.
710 2248 740 2310 Si
763 2252 972 2312 direndidisses
993 2253 1109 2313 interim
1133 2252 1241 2330 aliquid
1262 2252 1420 2322 librorum,
1450 2261 1483 2314 ut
1504 2272 1639 2332 superes-

344 2361 389 2412 set
411 2354 551 2429 pecunia,
575 2353 603 2412 id
619 2352 774 2422 retinebis,
799 2354 876 2432 qnod
899 2355 966 2413 usui
987 2356 1025 2413 sit
1039 2351 1210 2431 colligandis
1225 2353 1345 2433 reliquis
1359 2355 1442 2415 libris
1457 2357 1507 2434 qui
1523 2376 1539 2416 e
1554 2357 1639 2434 Spira

346 2456 507 2513 mittentur.
545 2453 615 2515 Vale
637 2462 666 2514 et
687 2456 837 2532 negotium
859 2463 995 2515 nostrum
1017 2455 1171 2533 diligenter
1194 2474 1273 2516 cura.
1320 2476 1355 2516 ex
1377 2442 1587 2535 Ebernhurgu.

549 2557 727 2632 Inscriptio:
759 2556 883 2616 blartiuo
905 2557 1022 2617 bucera
1043 2557 1136 2618 literis
1158 2558 1345 2617 instructissi-

673 2660 682 2681 '
762 2676 810 2718 me
833 2660 927 2718 amieo
949 2660 1099 2721 innocenti
1121 2678 1156 2720 ae
1178 2659 1266 2719 barra.

311 2773 339 2813 ro
763 2756 813 2818 28.
829 2759 901 2820 Nur.
920 2760 1011 2821 1520.

349 2877 550 2886 -———-

415 2980 426 3013 ⁴
445 2977 688 3046 conquestionum]
708 2980 745 3029 cf.
759 2994 842 3044 supra
860 2995 886 3028 n.
902 2980 1103 3030 CLXXXVIII.
1117 2995 1177 3044 sqq.
1240 2977 1263 3011 ²⁰
1280 2979 1321 3028 28.
1335 2980 1403 3030 Nov.
1420 2979 1492 3029 1520.
1507 2981 1588 3044 qnasi
1601 2982 1642 3030 in·

349 3067 510 3132 scriptionis
528 3071 635 3131 partem
654 3065 760 3113 adiecit
773 3068 796 3113 1.

416 3151 584 3200 Riihriclrius
601 3150 688 3199 refert
705 3149 824 3198 lectores
842 3148 877 3198 ad
895 3148 1040 3212 epistolam
1059 3149 1141 3197 Beati
1158 3148 1286 3198 Rhenani
1304 3149 1338 3198 ad
1355 3149 1531 3197 Bonifaeinm
1549 3150 1642 3197 Amer-

350 3236 480 3285 bachium
498 3236 639 3286 Aveuione
659 3241 724 3282 tnnc
743 3234 908 3298 (legentem,
927 3232 1049 3282 Basileoe
1068 3233 1200 3297 postridie
1213 3233 1307 3281 Trium
1325 3247 1418 3295 regum
1438 3230 1472 3296 [7.
1487 3233 1545 3280 lan.
1567 3229 1640 3296 1521]

350 3323 497 3385 scriptam,
515 3319 733 3392 inbibliotlreca
751 3318 882 3366 antistitii
895 3317 1061 3366 llnsiliensis
1080 3323 1233 3378 servatam,
1253 3318 1338 3366 hane:
1400 3384 1404 3392 ι

419 3404 579 3466 „Alecnder
597 3403 748 3466 Mognntiae
767 3402 882 3450 Lutheri
905 3400 1015 3451 libellos
1040 3402 1153 3451 exussit.
1189 3402 1277 3449 Priori
1302 3402 1346 3449 die
1371 3400 1440 3449 nibil
1464 3401 1517 3449 fuit
1536 3405 1641 3449 actum:

350 3504 414 3537 narn
434 3504 495 3537 cunr
515 3488 641 3537 carnifex
659 3488 687 3534 iu
705 3492 838 3550 suggestu
856 3491 933 3535 stans
952 3488 1124 3550 quaesiisset,
1142 3500 1206 3533 mun
1225 3485 1348 3551 legitime
1367 3486 1513 3535 damnatus
1526 3490 1600 3533 esset
1618 3485 1643 3533 is

351 3575 431 3623 cuins
455 3574 502 3622 isti
526 3573 590 3621 libri
615 3572 706 3621 forent
730 3571 875 3632 eximendi,
904 3571 1046 3635 respondit
1069 3572 1201 3618 universa
1223 3569 1317 3634 populi
1340 3570 1500 3630 antdtitudo,
1525 3569 1642 3619 nendum

352 3658 512 3706 damnatum
532 3673 602 3705 csse.
639 3655 680 3705 Ad
693 3656 765 3704 lianc
778 3671 874 3703 vocem
894 3655 1021 3703 carnifex
1039 3654 1161 3715 desiliit,
1180 3654 1315 3718 praefatus
1328 3670 1357 3702 se
1371 3654 1439 3703 nihil
1455 3671 1471 3704 a
1485 3651 1506 3718 [l
1514 3652 1538 3719 e]
1554 3654 1643 3702 medio

351 3742 450 3791 tollere
469 3742 522 3790 nisi
540 3740 689 3790 seeundum
707 3739 784 3804 leges
803 3740 910 3803 riteque
929 3738 1097 3787 damnatum.
1134 3738 1189 3787 Res
1208 3744 1267 3787 tota
1290 3754 1371 3788 versa
1394 3740 1448 3788 fuit
1467 3739 1495 3786 in
1514 3738 1596 3787 risum
1610 3743 1644 3817 ⁰et

352 3828 496 3888 convicia,
517 3826 614 3889 quibus
627 3826 667 3873 sie
680 3824 834 3889 proscissus
848 3828 890 3871 est
901 3822 1053 3883 Aleauder,
1074 3827 1104 3871 ut
1116 3824 1222 3887 optarit
1239 3825 1321 3873 istam
1338 3840 1367 3873 se
1387 3824 1558 3888 provinciam
1576 3838 1643 3871 nuu-

352 3927 434 3975 quam
448 3911 618 3975 suscepisse;
638 3924 734 3972 parum
748 3908 839 3956 abfuit
851 3908 916 3971 qnin
930 3906 1068 3971 lapidibus
1082 3907 1255 3970 obrueretnr3
1275 3909 1415 3959 vocabant
1433 3923 1495 3958 enm
1512 3908 1642 3968 Indaeum,

352 3997 536 4060 proditorem,
562 3994 726 4044 nebulonem
746 3990 856 4056 etquid
875 3995 946 4040 non‘t
970 3992 1087 4040 Postero
1111 3992 1155 4041 die
1181 4008 1241 4042 enm
1265 3994 1356 4044 omnia
1379 3992 1499 4057 querelis
1518 3990 1645 4055 impleret

353 4081 538 4143 iniuriamque
557 4079 664 4127 diceret
682 4078 805 4127 Romano
824 4075 949 4142 pontifici
968 4076 1087 4136 factam,
1108 4078 1186 4125 cuius
1199 4077 1292 4132 edicta
1306 4082 1558 4137 contemnerentur,
1579 4074 1644 4122 effe·

354 4167 394 4214 cit
412 4166 471 4213 suis
490 4164 571 4212 minis
594 4163 667 4228 apud
691 4160 861 4211 cardinalem
878 4162 1071 4225 bloguntinum
1091 4166 1119 4210 et
1137 4162 1300 4223 canonicos,
1325 4167 1355 4209 ut
1379 4161 1485 4223 aliquot
1507 4156 1598 4206 libelli
1617 4158 1645 4204 iu

354 4250 413 4299 foro
432 4248 673 4313 pervespillonem
686 4263 736 4296 san
749 4247 959 4296 cadaverarinm
979 4253 1053 4307 tuam
1073 4245 1197 4294 carnifex
1215 4244 1267 4293 boe
1286 4245 1379 4292 faeere
1398 4241 1584 4302 detrectabat)
1604 4241 1644 4288 in-

354 4334 546 4383 cenderentur.
582 4333 693 4381 Editum
713 4336 755 4381 est
773 4334 802 4380 in
820 4331 897 4380 illurn
916 4346 1028 4379 cannen
1048 4327 1262 4389 amarulentum,
1287 4327 1357 4390 quod
1375 4326 1480 4375 edibus
1498 4326 1527 4374 in
1545 4324 1645 4387 quibus

353 4418 483 4477 divertit,
504 4416 651 4481 multisque
669 4416 739 4466 locis
758 4417 870 4466 affixum
889 4420 971 4464 noctu
991 4415 1109 4462 feruut'’.
