3917 5950
1139 558 1142 565 “
1156 556 1171 586 Χ

313 612 387 686 252
441 627 497 681 CX.
516 642 553 681 uo
566 643 651 682 narr.
666 644 695 681 ss
709 643 818 682 nrvrvrt.
849 627 919 683 cx1.
933 643 1036 684 rasori
1050 646 1131 687 anso.
1146 647 1175 685 ra
1189 646 1293 687 onasus.
1313 649 1399 686 nans.
1414 643 1476 687 taso.

381 795 521 865 [Addendn
537 800 637 850 otdetor
653 816 688 850 ee
705 799 847 851 Burscdert'
863 798 983 865 Spiritea.
997 799 1025 850 X
1028 801 1061 855 V.
1078 801 1314 869 Autoyropdorurn,
1334 806 1369 855 itt.
1387 809 1526 867 rationem,
1549 774 1603 874 quo.

311 886 455 936 intercessit
473 884 582 934 Erosnm
595 886 653 935 ltot.
666 902 720 936 cnm
738 889 801 935 auto
819 884 1159 937 circumtruncatas.
1179 889 1252 954 Lips.
1267 892 1345 940 1792.
1366 891 1402 941 4⁰.
1420 909 1449 956 p.
1468 892 1531 936 rm.

344 1002 576 1055 THEODORICI
592 1003 616 1053 A
634 1002 753 1053 ZOBEL
772 1003 1014 1054 CAPITVLARIS
1032 1004 1079 1054 ET
1098 1003 1339 1061 SCHOLASTICI
1356 1009 1566 1061 MOGVNTINI

614 1090 779 1133 urrsrona.
796 1092 840 1132 an
862 1091 1018 1133 sussuvu
1040 1092 1069 1132 a.
1086 1084 1162 1138 1528.
1186 1076 1298 1158 narn]

349 1246 351 1249 ι
396 1177 422 1232 S.
439 1176 465 1232 ii.
510 1178 708 1233 Humanissime
735 1179 838 1252 pariter
866 1197 897 1235 ac
917 1178 1075 1234 doctissime
1104 1180 1159 1241 vir,
1188 1181 1382 1255 theologorum
1411 1184 1618 1240 sincerissimet

310 1260 397 1316 Niehii
419 1263 516 1318 utiocto
539 1263 625 1336 inagis
648 1281 727 1336 quarn
752 1262 818 1325 tibi,
843 1271 919 1319 tanto
942 1263 1000 1318 viro
1023 1271 1051 1318 et
1073 1264 1106 1319 de
1121 1264 1281 1321 Christianis
1298 1268 1352 1323 tuis
1368 1268 1483 1324 maxime
1499 1269 1600 1330 merito,

296 1338 354 1401 'me
377 1347 542 1419 morigerum
566 1356 705 1421 praestare.
750 1348 790 1403 01»
812 1348 852 1409 id,
882 1365 943 1405 eum
973 1365 1083 1422 parvum
1105 1366 1161 1404 rem
1184 1368 1199 1405 a
1221 1350 1300 1406 nobis
1323 1360 1416 1426 petas,
1445 1352 1523 1409 trullo
1545 1371 1599 1409 eum

311 1431 424 1502 negotio
446 1432 653 1494 conficiendam,
680 1441 711 1487 ut
733 1431 869 1506 exemplar
892 1432 1026 1506 quoddam
1050 1433 1103 1488 titt
1125 1434 1205 1496 Livii,
1235 1436 1307 1508 quod
1330 1436 1474 1493 nobiseum
1498 1437 1600 1493 latitare

310 1516 392 1578 dicis,
416 1516 510 1571 usibus
533 1518 689 1590 superstitis
712 1503 1018 1591 Hieronymi'Frobenii
1041 1518 1181 1582 credatur,
1205 1519 1305 1576 ornabo
1328 1538 1386 1576 eam
1410 1539 1467 1578 rem
1489 1522 1599 1595 diiigen-
1641 1568 1645 1585 ,

312 1600 414 1656 tissime
437 1608 465 1656 et
488 1600 533 1656 ubi
555 1602 711 1675 Hieronymi
736 1602 843 1675 quidam
866 1602 897 1657 ad
920 1601 1149 1659 Franeoiurtanas
1171 1604 1306 1661 nundinas
1333 1605 1488 1668 advenerit,
1518 1607 1627 1662 homi-tt

309 1701 371 1739 nem
394 1686 449 1740 voti
471 1692 625 1760 compotem
648 1687 804 1748 reddemus,
827 1703 887 1742 cum
912 1693 938 1742 to
960 1695 1056 1742 autore
1079 1695 1107 1743 et
1128 1698 1253 1744 curatore
1276 1707 1331 1745 non
1354 1691 1391 1745 sit
1406 1691 1461 1746 nisi
1476 1692 1598 1765 egregios

310 1770 392 1825 intus
415 1787 523 1844 semper
545 1771 676 1828 utilium.
710 1771 816 1826 Interea
839 1779 868 1826 tu
890 1770 960 1827 bene
982 1770 1053 1833 rate,
1078 1773 1296 1845 quemchristus
1312 1774 1373 1849 upa
1390 1774 1458 1830 Max.
1482 1793 1538 1831 snm
1560 1793 1597 1831 re·

308 1853 404 1928 ligioni
428 1862 517 1912 servet
540 1874 620 1930 «poam
641 1855 801 1912 diutissime.
846 1854 882 1910 Es
905 1855 1059 1928 tinguntia,
1082 1856 1125 1912 die
1147 1875 1219 1914 nona
1241 1851 1381 1915 Februarii
1403 1859 1557 1915 tmxxvnt.

909 1940 1094 1996 Theodericus
1116 1942 1213 2005 zobel,
1237 1941 1421 2001 scholasticus
1444 1945 1516 2019 Meg.

350 2023 513 2080 ltoctissimo
535 2025 614 2089 Viro,
637 2043 773 2082 sacrarum
795 2024 936 2080 literarum
959 2025 1082 2081 Antistiti
1105 2027 1228 2090 maximo,
1604 2024 1636 2078 u‘

350 2108 377 2164 Ι).
394 2107 504 2167 Erasmo
519 2111 707 2173 Roterodamo,
723 2111 842 2166 Patrono
857 2109 944 2166 modis
959 2108 1085 2166 omnibus
1099 2110 1223 2175 colendo,

711 2195 830 2252 Basileae.

319 2459 458 2493 rvnruem.
898 2429 999 2506 CXI,
1351 2463 1379 2496 tt.
1395 2463 1480 2497 nanu.
1489 2463 1514 2498 a.
1524 2457 1579 2496 tttt.

304 2512 472 2522 -——-—·
1327 2517 1595 2527 ———

940 2551 951 2600 l

686 2633 736 2684 nn
770 2636 806 2685 n.
835 2588 1030 2687 usrnsrvu
1058 2635 1213 2686 nnarrvu
1602 2667 1625 2708 n

704 2723 747 2763 Dr:
765 2723 853 2764 OMNE
868 2723 1062 2765 BRASSIOANI
1078 2723 1194 2764 POBTAE

671 2808 852 2865 CHASPdRiS
880 2807 1000 2865 renunt
1028 2808 1228 2864 Etuuamtort.

346 2898 402 2969 [An
417 2908 556 2969 eremptmn
573 2907 761 2969 epiprernmntis
780 2907 894 2957 Conradr'
910 2907 1022 2957 Matiani
1037 2907 1095 2970 Rufi
1113 2907 1270 2956 Huttem'uno
1291 2906 1391 2956 Neroni
1405 2903 1555 2971 premisse}

506 3010 575 3067 Num
597 3012 708 3069 Omnem
731 3031 764 3069 an
786 3012 925 3069 Neminem
947 3014 1044 3087 genius
1067 3030 1145 3086 mage
1166 3013 1265 3086 (tignus
1289 3010 1358 3067 oliva

569 3097 660 3160 Lusit,
683 3099 715 3154 ad
738 3097 872 3154 rethereos
894 3099 963 3154 fama
986 3097 1095 3155 volante
1115 3097 1205 3172 polos,

506 3180 561 3237 iloc
582 3181 707 3256 clypeum
730 3183 858 3255 Argivum
880 3184 996 3239 sortitus
1018 3182 1153 3248 Brassica,
1176 3190 1204 3237 nt
1225 3181 1273 3237 illo
1341 3193 1363 3230 ο

455 3283 466 3322 a
569 3266 718 3328 Huttenns,
741 3268 852 3323 decoret
875 3285 955 3341 quem
977 3266 1061 3325 herba
1084 3266 1189 3322 revulsa
1212 3266 1290 3322 solo?

504 3350 629 3407 Pallados
651 3352 793 3425 armigero
817 3352 947 3408 trutinam
969 3353 992 3407 si
1016 3353 1088 3407 ferre
1110 3351 1161 3406 sub
1183 3369 1263 3406 auras

569 3436 633 3498 Fas,
657 3438 738 3492 tronto
760 3437 875 3491 divinum
897 3437 1030 3510 virgulam
1053 3443 1169 3509 uterque
1191 3444 1275 3491 tenet.

504 3520 594 3576 Punite
617 3521 705 3582 stares,
729 3522 838 3596 capiunt
861 3521 902 3576 vix
924 3522 1012 3595 spissa
1035 3522 1140 3576 theatra
1161 3527 1309 3576 catervam:

454 3619 467 3659 s
567 3602 640 3662 llari
663 3607 750 3662 venit:
774 3606 801 3661 in
824 3623 911 3661 semna
934 3606 1060 3669 Roscius,
1084 3621 1183 3662 ourns
1207 3605 1292 3661 adest.

871 3690 1010 3764 Tulingso.

300 3870 370 3921 cxl.
402 3870 462 3919 l:
527 3885 581 3922 usu
649 3889 734 3923 ornus
758 3935 772 3960 e
804 3866 1268 3940 luvronnlroauuransxaalnno
1287 3869 1485 3936 nstssrcn!no,
1505 3887 1595 3922 roera

299 3973 501 4039 srlOratore‚
527 3974 857 4037 dCaeiaroILauroato.
879 3974 883 4039 1
906 3974 949 4038 (rt
966 3976 1023 4038 solt.
1048 3977 1074 4024 r'n
1092 3975 1128 4025 4⁰.
1159 3976 1259 4038 Iefiue
1277 3981 1330 4023 eet:
1360 3973 1523 4039 Sumptibus
1541 3975 1593 4024 viri

299 4059 408 4125 prouidi
420 4060 533 4109 Ioannis
545 4059 701 4110 Knoblochi
716 4058 721 4123 Ι
737 4060 835 4111 incolae
842 4056 1021 4125 Argentincd.
1033 4059 1171 4109 Permulis
1183 4075 1249 4110 uero
1264 4058 1269 4123 Ι
1284 4057 1502 4108 Ansheimisnis.
1516 4059 1594 4108 Anno

298 4145 373 4194 XIX.
389 4142 393 4208 Ι
408 4142 502 4194 Mense
515 4144 612 4210 apriti.
660 4145 722 4193 2:
733 4144 1117 4209 Dornnviidurphithentrum
1129 4141 1227 4206 (Indic.
1238 4142 1306 4193 bibl.
1320 4141 1420 4207 nuta)
1433 4142 1526 4208 pato.
1534 4160 1592 4209 sqq.

324 4229 449 4293 a=(10.
464 4229 591 4280 Chstiau.
605 4228 731 4292 Fischer)
751 4228 892 4294 Opuseulu
910 4228 1018 4279 selecto
1037 4231 1065 4279 et
1077 4227 1193 4279 rariora.
1211 4227 1257 4276 Pi.
1271 4231 1300 4278 et
1310 4227 1376 4293 Lps.
1391 4243 1417 4277 a.
1428 4227 1508 4298 pltat.
1528 4228 1564 4278 4⁰.

867 4331 893 4379 p.
904 4312 1025 4378 ttosqq.

365 4450 387 4482 ²³
405 4452 438 4501 In
452 4456 476 4503 1.
491 4455 515 4501 2.
530 4460 555 4502 et
569 4455 595 4502 ³.
614 4453 641 4501 tu·
655 4467 743 4501 versos
759 4457 787 4499 ut
803 4455 847 4501 ete
863 4466 963 4500 sensum
980 4452 1079 4508 elicias,
1098 4455 1135 4498 tta
1146 4450 1351 4513 repressissent:
1370 4448 1440 4510 Num
1461 4445 1551 4513 [Nunc
1565 4446 1591 4515 2]

299 4533 428 4598 Omnem,
449 4544 496 4588 aut
514 4540 592 4600 veni,
613 4536 711 4602 genius
729 4551 810 4601 mogo
829 4536 928 4599 dignus
947 4534 1027 4584 obelo
1044 4541 1094 4584 tran
1117 4535 1193 4595 Hoc,
1218 4532 1344 4597 clypeum
1363 4533 1491 4598 argiuum
1510 4535 1591 4583 sorti·

297 4622 342 4666 tus
359 4621 504 4685 Brassica,
529 4626 559 4670 nt
582 4620 630 4671 iilo
645 4618 650 4684 Ι
665 4622 820 4683 lluttenns,
845 4620 958 4670 decoret
981 4626 1007 4669 et
1030 4636 1052 4669 r.
1075 4621 1130 4669 sine
1153 4621 1273 4668 incisione
1299 4633 1378 4683 aesone
1405 4618 1442 4666 nd
1462 4634 1485 4667 o.
1506 4619 1530 4666 6.
1556 4621 1592 4667 itu

296 4708 441 4764 corruptum
459 4705 515 4753 Fns
533 4705 651 4766 homini,
676 4706 785 4754 Eruinii
805 4704 941 4769 ringulam
959 4709 1007 4754 etc.
1076 4700 1099 4735 ¹⁵
1126 4702 1233 4768 clipeus
1249 4702 1383 4766 Argivus,
1414 4692 1432 4767 ἡ
1455 4692 1488 4752 ἓν
1503 4692 1590 4766 ’Ἀργει

297 4774 397 4847 doute,
420 4801 466 4836 reu
483 4789 686 4852 pretiosissima
706 4789 856 4853 eodemque
879 4789 995 4839 obtentu
1018 4787 1195 4838 difficillimo.
1225 4787 1327 4836 Zenob.
1345 4786 1475 4851 proverb.
1495 4787 1589 4836 VL5'2.

297 4870 333 4917 Il.
348 4869 372 4917 2.
393 4886 417 4918 e.
437 4872 556 4936 interpp.
625 4872 737 4923 ²²1‘att.
763 4890 829 4924 arm.
854 4875 958 4924 trutina
982 4874 1085 4938 Proper
1109 4872 1182 4923 libre
1201 4873 1301 4922 critica
1319 4887 1375 4921 esse
1393 4872 1507 4930 viditur,
1535 4888 1590 4936 qare

297 4953 385 5003 fertur
403 4956 453 5005 sub
472 4970 567 5018 auras,
587 4955 630 5007 obi
646 4973 695 5008 non
714 4959 746 5009 nb
764 4961 821 5023 ipsa
839 4959 889 5009 dee
905 4958 1141 5026 simoelsaeerdote
1158 4956 1303 5014 adddietnr.
1369 4955 1511 5008 trutinam
1529 4957 1556 5008 3.
