3917 5950
252 716 255 721 Ι
347 658 463 711 mn·
487 672 612 711 mmm
623 673 661 710 An
674 673 857 711 LVDOVIGEV!
870 675 906 710 mr
919 675 1031 711 HVTTEN
1044 675 1265 713 consonarum.
1283 670 1484 715 D.²9·1V1.l5150
1521 646 1570 719 47

273 828 356 891 solers
377 846 437 889 non
460 847 507 891 es:
529 827 622 891 babes
644 836 706 891 tres
727 828 811 899 lilios,
835 831 955 908 optimae
967 831 1030 908 spei
1045 831 1173 899 iuvenes,
1197 839 1285 911 atque
1305 832 1413 893 borum
1427 832 1572 893 maximus

273 938 345 991 natu
368 930 555 992 Ludoriclrus
576 938 606 991 et
627 933 749 992 maritus
772 938 816 992 est
838 939 867 991 et
889 940 987 1009 pater;
1018 931 1109 1010 habes
1131 931 1233 1002 filiam,
1268 941 1297 993 et
1324 934 1418 1013 ipsam
1446 940 1571 994 matrem

274 1050 311 1093 ex
335 1031 415 1093 claro
438 1033 535 1113 equite
556 1032 689 1112 Zeysollo
711 1033 749 1093 de
771 1031 979 1111 llosenbergk:
1009 1033 1046 1093 ab
1068 1033 1114 1094 bis
1135 1033 1323 1113 desyderium
1345 1036 1456 1096 resarci
1476 1042 1569 1099 tuum.

275 1134 324 1195 Sic
347 1133 463 1213 lugere,
483 1136 529 1195 sic
549 1135 668 1214 proiici,
690 1135 796 1213 ingrati
819 1135 942 1195 deornm
966 1135 1115 1195 benellciis
1137 1136 1225 1195 arriani
1241 1144 1293 1196 est.
1331 1154 1427 1215 neque
1441 1143 1624 1215 unquamta.

254 1234 423 1315 sputabnnt
444 1254 476 1297 se
497 1238 589 1297 amari
611 1236 664 1296 abs
686 1244 715 1297 te
737 1236 767 1297 bi
798 1243 855 1296 tarn
883 1236 963 1314 digeri
990 1254 1091 1296 amore
1118 1234 1217 1305 liberi,
1250 1238 1274 1297 si
1303 1254 1335 1298 se
1363 1238 1437 1299 adeo
1465 1237 1572 1316 negligi

277 1339 417 1411 viderint,
441 1345 473 1400 ut
486 1336 562 1398 nelis
577 1339 673 1399 rivere
695 1345 724 1399 et
745 1338 825 1398 luctu
849 1355 952 1398 vacare
974 1344 1050 1398 etse
1066 1338 1132 1398 lrui.
1170 1337 1212 1398 lta
1227 1339 1315 1398 istam
1331 1346 1480 1399 nrortunm
1496 1337 1572 1408 dole,

277 1448 361 1501 utet
383 1440 437 1500 bos
458 1457 600 1519 agnoscas
622 1447 651 1500 et
671 1438 724 1499 tibi
747 1447 883 1499 constes.
911 1440 1075 1518 Antequam
1097 1437 1149 1498 tibi
1171 1447 1257 1500 nates
1279 1447 1356 1501 esset
1376 1439 1462 1509 illius,
1484 1440 1573 1501 talem
1584 1453 1628 1503 ts.

276 1542 396 1621 quidem
419 1541 541 1621 optabas
562 1540 615 1602 tibi
638 1541 817 1619 contingere,
841 1540 935 1619 qualis
957 1540 1005 1600 hic
1027 1541 1096 1608 luit;
1120 1541 1172 1601 sed
1195 1548 1224 1602 et
1246 1541 1340 1603 donec
1361 1559 1422 1601 non
1443 1542 1573 1619 contigit,

277 1662 363 1722 aequo
385 1643 464 1704 luisti
485 1643 597 1712 animo,
626 1661 694 1703 urm
715 1643 808 1703 scires
830 1642 866 1701 ad
889 1649 1023 1702 rrestrnm
1045 1641 1199 1703 arbitrium
1222 1642 1293 1703 nibil
1318 1645 1347 1703 in
1375 1643 1465 1704 rebus
1491 1643 1573 1712 serti,

242 1753 308 1811 roet
329 1743 425 1823 siquid
448 1752 556 1822 praeter
577 1750 709 1822 optatum
730 1743 816 1804 nobis
839 1745 965 1813 eueniat,
996 1744 1143 1804 rrenunem
1166 1745 1240 1805 adeo
1262 1744 1398 1814 stultum,
1427 1745 1501 1805 adeo
1523 1743 1574 1804 de·

278 1854 408 1907 mentem
430 1864 495 1907 esse
516 1844 643 1914 debere,
672 1845 722 1923 qui
744 1843 789 1906 rel
811 1845 962 1922 indignum
986 1845 1043 1904 lrec
1065 1845 1142 1906 dieat
1162 1845 1208 1907 rel
1230 1853 1348 1907 accuset
1374 1846 1481 1907 deum.
1516 1845 1574 1906 Sed
1587 1849 1632 1899 §.a

278 1966 339 2008 non
360 1948 412 2009 diu
433 1956 478 2009 est
499 1955 615 2027 sperata
637 1945 690 2007 abs
713 1953 740 2007 to
763 1946 904 2007 eiusmodi
928 1945 1042 2024 proles:
1073 1948 1132 2006 sire
1155 1948 1232 2007 enim
1256 1945 1351 2026 aliqua
1373 1948 1420 2008 dei
1442 1947 1574 2024 benigni·

278 2056 353 2119 tate,
376 2050 436 2109 sire
458 2067 528 2133 casu
550 2056 579 2109 et
600 2049 725 2127 propitia
747 2057 818 2108 trrnc
840 2049 971 2116 lortuna,
1000 2057 1086 2108 natus
1108 2048 1160 2109 tibi
1183 2068 1258 2110 rana
1282 2050 1395 2109 uirtutis
1416 2048 1493 2109 [ilius
1515 2056 1574 2118 est;

279 2160 369 2231 atqua
389 2152 416 2211 is
436 2168 505 2213 cum
526 2157 630 2226 suapte
652 2151 758 2210 uirtute
780 2151 945 2209 universam
970 2151 1052 2227 prins
1067 2151 1254 2210 Germaniam
1275 2150 1372 2211 studio
1394 2152 1439 2211 sui
1461 2150 1575 2211 iullam·

245 2261 404 2322 ramssct,
426 2251 580 2313 occubuit:
603 2258 762 2329 utrumque
784 2250 855 2310 nibil
878 2260 938 2320 est,
967 2261 996 2311 et
1018 2252 1097 2329 quant
1119 2260 1205 2312 natas
1228 2259 1286 2321 est,
1315 2259 1344 2313 ct
1365 2252 1444 2330 quod
1467 2253 1510 2312 sic
1530 2253 1574 2311 in·

281 2354 374 2415 teriit:
397 2372 451 2415 eur
472 2355 550 2415 enirn
572 2354 666 2431 magis
688 2352 769 2413 doles
791 2351 936 2421 ablatum,
965 2372 1054 2431 apuam
1077 2372 1135 2413 non
1157 2361 1226 2413 nato
1248 2352 1364 2415 solebas
1391 2354 1575 2414 contristari?

280 2456 443 2517 benessio
465 2473 502 2515 an
524 2456 650 2533 optatior
677 2455 703 2516 ci
717 2461 811 2515 'mors
838 2454 972 2515 accidere
999 2456 1142 2532 potuerit:
1176 2455 1284 2515 eccidit
1311 2456 1389 2516 enim
1420 2463 1575 2534 postquam
1585 2470 1604 2521 l.
1613 2473 1643 2517 ro.

280 2556 441 2619 durissima
464 2557 581 2636 optimas
602 2555 708 2617 indolis
729 2557 907 2617 monimenta
930 2576 964 2617 ae
985 2556 1215 2617 laudatissimam
1242 2558 1287 2617 sui
1314 2558 1487 2618 memoriam
1509 2557 1578 2617 reli·

281 2661 393 2739 quisset
413 2658 563 2728 emnibns,
587 2677 603 2718 e
625 2657 779 2737 desyderio
800 2676 835 2718 ac
857 2659 994 2736 opinione
1016 2658 1167 2719 bominum
1191 2658 1228 2719 de
1250 2676 1282 2719 se
1303 2660 1420 2737 optima,
1444 2677 1509 2738 qnae
1524 2677 1579 2737 per

246 2760 439 2822 nllerffllem
461 2760 569 2821 mutari
589 2773 751 2839 progressu
773 2761 914 2837 temporis
937 2761 1045 2837 potnit,
1073 2778 1152 2820 nrnrc
1181 2768 1210 2820 et
1232 2760 1316 2838 plena
1344 2769 1373 2821 et
1395 2759 1487 2820 solida
1510 2778 1578 2839 per·
1633 2741 1636 2746 ⁵

282 2871 401 2924 manet.
434 2860 544 2933 Quodsi
567 2878 603 2922 ex
625 2868 676 2923 tue
699 2870 765 2921 voto
787 2863 863 2922 meri
885 2861 1048 2931 elatrasset,
1083 2881 1181 2922 rrnrrne
1210 2862 1267 2922 hoc
1294 2869 1407 2922 tantum
1436 2870 1576 2940 optasses,
1588 2881 1646 2932 §.re

284 2972 317 3028 ut
337 2963 466 3045 aliquam
487 2962 640 3044 probitatis
663 2982 698 3025 ac
719 2963 894 3026 innocentiae
916 2965 1024 3024 lanram
1046 2972 1113 3043 pest
1134 2983 1166 3025 se
1189 2964 1386 3043 rebnqueretl
1408 2971 1438 3024 at
1455 2965 1520 3043 quis
1535 2962 1578 3025 rel

284 3075 385 3128 nostra
406 3068 548 3128 memoria
570 3065 615 3126 vel
636 3075 754 3145 patrum
776 3065 918 3127 relatione
939 3067 978 3126 ita
1001 3075 1137 3127 mortuns
1159 3075 1212 3136 est,
1234 3073 1268 3126 ut
1290 3071 1352 3127 eius
1375 3067 1461 3126 vitam
1478 3083 1581 3127 omncs

285 3168 453 3240 laudarent,
482 3175 607 3230 mortem
635 3187 705 3228 vero
732 3168 814 3246 qnasi
842 3187 1030 3229 communem
1058 3168 1203 3247 (parandam
1233 3168 1422 3228 acerbitatem
1443 3166 1523 3228 luctu
1546 3185 1581 3228 ac

249 3288 415 3336 asmoerere
436 3271 705 3349 prosequerentur?
726 3268 791 3329 Non
814 3270 858 3338 bi,
882 3270 965 3340 dice,
995 3271 1096 3348 quiin
1120 3271 1235 3339 Sueris,
1265 3269 1387 3330 Francis
1408 3276 1458 3330 aut
1480 3267 1581 3328 ricinis

286 3373 365 3434 iuxta
388 3371 460 3433 locis
481 3379 565 3442 nrut,
588 3388 690 3432 omnes
712 3371 778 3431 den
793 3372 932 3432 Germani
953 3372 1194 3449 significationem
1216 3389 1276 3432 snae
1299 3389 1369 3449 erga
1390 3379 1474 3431 taum
1489 3369 1580 3431 illium

286 3473 442 3536 voluntatis
463 3481 493 3536 ct
513 3474 577 3533 n've
597 3472 648 3533 illo
670 3480 700 3534 et
720 3480 838 3533 mortuo
861 3473 1022 3534 dederunt.
1060 3473 1121 3533 lam
1137 3473 1251 3550 longius
1272 3492 1390 3552 (pureque
1408 3471 1582 3551 penetrabat
1591 3490 1610 3540 a.
1618 3490 1649 3535 ra.

288 3576 351 3638 eius
372 3576 465 3645 lama,
499 3574 551 3636 sed
573 3574 704 3636 nendum
727 3580 824 3634 tantus
846 3583 923 3643 erat,
957 3582 1113 3654 arrtequam
1136 3576 1177 3634 sic
1206 3582 1387 3636 moreretur:
1421 3592 1457 3634 ex
1486 3581 1582 3634 morte

289 3679 400 3748 enitent,
422 3677 507 3738 carius
527 3676 609 3738 illum
630 3676 742 3736 norltas
763 3675 975 3754 inextinguibili
999 3675 1181 3736 claritudinis
1195 3676 1351 3755 splendere
1367 3677 1469 3737 erexit.
1507 3673 1649 3744 illudere

255 3776 567 3858 nequeuntem
590 3778 734 3846 concedo,
768 3777 890 3855 dignam
911 3780 1001 3839 luisse
1028 3779 1078 3856 apri
1107 3786 1137 3838 et
1163 3780 1272 3839 viveret
1300 3779 1409 3839 diutius
1436 3784 1466 3838 et
1492 3776 1583 3837 levius

289 3888 470 3950 meretum
501 3879 559 3940 boe
581 3897 672 3958 nege,
703 3878 892 3940 illustriorem
915 3881 1022 3939 lanram
1044 3879 1089 3940 rel
1111 3878 1203 3942 leuius
1224 3879 1378 3942 moriende
1400 3878 1445 3940 rel
1467 3878 1583 3962 longius

289 3983 411 4044 virendo
429 3982 564 4061 'potuisse
586 3982 743 4060 corueqni,
777 3980 932 4059 Utcunque
954 3989 1052 4042 tarrren
1074 3982 1216 4051 aestimas,
1244 4000 1365 4044 neeesse
1395 3988 1440 4043 est
1462 3999 1496 4041 ea
1518 3986 1650 4058 quaecu-

289 4083 473 4153 cceiderunt,
506 4083 586 4145 lcrre
607 4102 691 4162 aequo
713 4083 830 4144 animo.
865 4085 1004 4162 namqui
1034 4083 1143 4145 liberos
1172 4091 1326 4166 procreat,
1360 4082 1439 4143 hrrnc
1466 4080 1583 4141 illerum

290 4203 407 4266 qrroque
429 4203 515 4246 canus
536 4204 570 4246 ac
592 4185 725 4246 lortnrras
746 4192 881 4263 sprectare
902 4186 1056 4246 cornenit.
1091 4186 1162 4246 (lare
1184 4193 1235 4246 tue
1258 4184 1316 4245 lilio
1343 4185 1428 4244 vitam
1455 4180 1583 4259 potuisti,

255 4289 354 4350 assita!
376 4288 535 4348 terminum
556 4295 685 4348 statuere
706 4305 766 4347 non
789 4288 916 4364 potuisti.
950 4286 1047 4356 Quare
1069 4288 1145 4347 bane
1167 4284 1360 4347 calamitatem
1382 4301 1470 4362 quam
1488 4298 1649 4351 rocasels

290 4407 349 4450 nen
371 4388 425 4450 alia
446 4389 561 4450 ratione
583 4388 734 4458 evitasses,
767 4404 855 4467 quam
878 4389 901 4448 si
924 4407 984 4448 non
1006 4390 1156 4466 genuisses
1184 4385 1294 4446 filium.
1328 4393 1357 4445 at
1385 4386 1505 4462 gignere
1533 4385 1584 4461 qui

290 4489 419 4560 voluisti,
442 4491 526 4552 euius
547 4498 674 4552 mortem
696 4492 775 4552 lerre
797 4488 908 4550 nobes?
930 4508 967 4550 an
990 4491 1087 4550 minas
1109 4507 1145 4548 ex
1167 4495 1271 4548 natura
1295 4494 1339 4547 est
1361 4487 1481 4546 interire
1497 4504 1584 4564 quarn

289 4592 391 4654 nascit
420 4591 517 4653 Credo
548 4590 651 4653 malles
677 4610 736 4652 non
766 4593 916 4669 genuisse,
949 4609 1038 4668 (pram
1069 4592 1111 4650 sie
1137 4588 1267 4650 ablatum
1295 4588 1413 4657 delere;
1452 4586 1586 4650 atillam

291 4693 462 4772 praeclaram
484 4692 602 4756 laudem
623 4712 682 4754 non
704 4693 836 4763 terlisses,
869 4695 899 4753 in
921 4712 978 4771 apua
1002 4692 1085 4760 vixit,
1121 4691 1198 4753 illam
1221 4690 1481 4769 incomparabilem
1503 4691 1587 4750 inno·

356 4895 528 4962 'tenellus
539 4897 666 4950 hedone
676 4899 784 4949 Helleni
794 4913 883 4964 pener.
927 4894 974 4947 ⁴si
988 4896 1087 4963 projici
1100 4898 1125 4946 2.
1162 4897 1331 4949 coelestibus
1344 4890 1469 4947 ben.3¹¹.
1515 4891 1588 4942 ⁷hoa

290 4985 405 5036 interim
423 4981 549 5051 ιμῧῑ.
602 4981 622 5016 ¹¹
635 4984 681 5036 rel
692 4981 823 5036 deerat.
858 4981 1196 5056 ¹⁸·”perchriscumam
