3917 5950
391 632 464 707 282
540 642 648 697 CXXX.
669 660 771 697 astuosa
785 658 847 695 nor.
861 659 897 695 so
910 660 993 696 uvas.
1008 658 1042 695 un
1057 660 1150 697 mous
1165 660 1239 696 nouo
1253 662 1294 696 ur.
1310 662 1335 701 n.
1349 655 1382 697 ts.
1397 664 1453 699 1vo.
1472 654 1528 699 ists.

389 823 454 881 illos
474 821 536 880 alia
559 820 607 878 ttt'a
628 817 672 876 ad
691 833 753 876 rem
776 832 813 875 ac
837 817 965 890 qloriam
988 819 1163 891 parandam
1189 820 1284 891 maqis
1305 820 1427 892 idonea,
1453 821 1600 895 siquidem
1617 820 1684 895 ple·

391 939 515 998 ramque
542 921 718 980 nobilitatem
747 921 827 977 iltius
853 920 959 978 insideo
976 923 1096 994 peperit
1119 921 1173 979 boe
1194 921 1358 980 studiorum
1376 939 1488 995 qenus:
1520 925 1552 981 in
1569 939 1603 982 eo
1625 940 1684 982 ne·
1766 946 1769 951 ·

323 1027 466 1101 §.tt-qaut
484 1038 651 1099 quenquam
672 1021 783 1080 absolui
800 1037 886 1095 posse
907 1023 966 1080 nisi
984 1024 1128 1096 plurimos
1149 1039 1243 1081 armos
1261 1026 1418 1083 insudarit.
1454 1025 1498 1083 Ab
1513 1026 1569 1084 boe
1591 1027 1685 1098 iqilur

389 1143 457 1187 eum
478 1143 537 1185 non
559 1126 671 1185 iniuria
693 1123 868 1181 abhorreret
889 1124 1083 1183 adolescentis
1101 1127 1249 1198 inqenium
1271 1127 1439 1186 melioribus
1462 1128 1549 1186 rebus
1569 1137 1684 1195 natum,

390 1235 488 1288 tamen
512 1233 580 1302 post
606 1227 778 1299 dequstatos
804 1226 997 1284 sebolasliros
1023 1226 1198 1301 disciptinas
1219 1230 1263 1286 sie
1283 1230 1313 1286 in
1335 1229 1391 1287 boc
1410 1234 1543 1288 uersatus
1564 1239 1622 1301 est,
1653 1236 1705 1287 ut⁵

391 1348 485 1405 neque
506 1330 693 1390 consulerent
711 1343 877 1401 quenquam
899 1328 1035 1387 libentius
1055 1330 1232 1402 titiqatores,
1255 1346 1349 1403 neque
1362 1339 1504 1404 quaestum
1518 1331 1686 1391 uberiorem

388 1433 684 1521 faceretquisquam
705 1446 806 1488 eorum
828 1431 879 1503 qui
905 1430 980 1488 nibil
1002 1431 1089 1489 atiud
1110 1432 1254 1505 aqebant:
1287 1439 1371 1491 tanta
1393 1439 1461 1491 erat
1480 1435 1523 1491 uis
1544 1451 1582 1492 ae
1602 1435 1686 1492 cete-

323 1520 468 1597 §.uram
492 1534 628 1605 inqenti„
658 1532 731 1603 Quin
761 1537 790 1589 et
813 1532 978 1590 evolvendis
1003 1533 1234 1591 ortliodouor‘tun
1261 1535 1452 1593 uoluminibus
1480 1551 1537 1593 non
1565 1550 1687 1607 seqnem

333 1621 357 1636 ⁹
391 1651 513 1722 operam
538 1634 692 1708 impendit,
722 1632 879 1705 Auqustiai
902 1634 992 1691 libros
1020 1632 1069 1691 ‘de
1095 1637 1212 1694 ciuitate
1240 1635 1290 1694 dei
1296 1632 1302 1651 ’
1319 1636 1439 1709 publice
1464 1637 1622 1711 professus
1643 1645 1688 1694 est

391 1737 493 1796 adbuc
509 1752 585 1811 pene
606 1735 776 1793 adolescens
798 1734 944 1793 nuenario
960 1733 1128 1808 frequenti,
1147 1754 1201 1796 nee
1219 1737 1329 1810 puduit
1349 1753 1403 1797 nee
1415 1741 1557 1811 penituit
1575 1754 1685 1796 sacer·
1697 1749 1721 1788 to

324 1841 474 1899 §.n-dores
500 1855 538 1897 ae
565 1854 649 1896 senes
676 1855 695 1895 a
723 1840 826 1895 iuuene
847 1836 982 1910 profano
1005 1853 1096 1895 saera
1125 1840 1249 1897 discere.
1292 1838 1416 1897 Interim
1444 1845 1473 1898 et
1501 1840 1545 1897 ad
1565 1842 1687 1913 pietatis

390 1942 518 2001 studium
534 1945 622 1999 totum
640 1941 771 1997 animum
790 1940 919 2012 tuipulit,
943 1939 1063 2010 uiqiliis,
1086 1941 1216 2010 ieiuniis,
1233 1940 1454 2013 precationibus
1470 1943 1596 2014 alliisque
1608 1956 1687 2000 con·

390 2043 534 2102 similibus
552 2041 861 2115 proqqmnasmatibus
880 2041 1077 2098 sacerdotium
1099 2043 1263 2100 meditans:
1296 2057 1356 2115 qua
1378 2042 1500 2126 quideni
1516 2043 1547 2099 in
1568 2059 1604 2100 re
1625 2059 1687 2102 non

389 2148 482 2221 paulo
504 2147 575 2219 plus
602 2144 653 2227 ide
674 2143 809 2216 sapiebat
835 2157 924 2215 quam
948 2143 1086 2215 plerique
1109 2144 1158 2201 isti
1183 2146 1236 2216 qui
1261 2150 1368 2201 temere
1395 2143 1437 2200 ad
1462 2151 1522 2200 tom
1554 2141 1687 2202 ardradi

389 2246 603 2322 professionem
631 2245 772 2318 inqmtnt
795 2236 879 2316 sese,'
896 2247 976 2302 aritio
1001 2245 1089 2318 prius
1116 2247 1164 2303 soi
1187 2247 1321 2319 periculo
1345 2244 1447 2316 faoto‚·
1479 2261 1575 2327 neque
1594 2248 1685 2320 quie·
1696 2256 1721 2296 1⁵

392 2365 481 2423 quarn
502 2345 635 2406 obstabat
655 2347 827 2420 quominus
847 2362 909 2404 sese
930 2345 1000 2403 liiiio
1021 2347 1087 2402 aitte
1106 2349 1214 2418 qeneri
1233 2348 1401 2422 addiceret,
1423 2347 1484 2404 nisi
1502 2349 1583 2420 quod
1603 2363 1687 2427 uuo-

392 2452 436 2509 ris
463 2449 641 2507 desiderium
669 2464 729 2508 non
758 2453 857 2522 posset
886 2454 1045 2514 excidere·
1078 2449 1183 2505 maluit
1214 2450 1305 2521 iqitur
1337 2449 1463 2505 maritus
1492 2465 1556 2507 esse
1585 2455 1688 2508 castus

325 2555 482 2630 §.tt-quom
503 2549 644 2609 sacerdos
664 2552 808 2625 impurus.
830 2547 956 2607 Tamen
976 2549 1119 2619 oirqinem
1140 2549 1228 2607 duait
1248 2547 1408 2608 admodum
1427 2552 1578 2626 puellam,
1600 2552 1687 2608 elaro

389 2668 501 2726 qenere
522 2657 638 2723 natam,
661 2652 766 2710 rudem
788 2650 902 2720 adbuc,
925 2654 1023 2723 utpote
1041 2651 1109 2707 ruri
1130 2652 1207 2709 iuter
1223 2656 1364 2724 parentes
1382 2668 1419 2710 ae
1436 2646 1552 2710 sorores
1568 2666 1688 2726 semper

392 2753 536 2822 babilam,
559 2768 615 2826 quo
636 2756 732 2826 maqis
749 2755 794 2811 illi
809 2755 911 2809 liceret
930 2752 1012 2808 illam
1034 2751 1078 2809 ad
1093 2768 1160 2810 suos
1181 2768 1276 2811 mores
1294 2739 1433 2826 rinqiref
1451 2753 1530 2812 liano
1545 2758 1575 2812 et
1590 2755 1722 2812 literistt

392 2855 597 2913 instruendam
623 2856 741 2914 curauit
764 2860 793 2912 et
819 2856 899 2911 ouini
922 2855 1046 2911 musices
1071 2869 1180 2925 qaaere
1211 2854 1326 2913 doctam
1358 2854 1504 2926 reddidit,
1535 2857 1687 2928 planeque

392 2959 480 3016 talem
495 2974 577 3031 pene
594 2959 744 3029 finxerat,
771 2956 886 3028 quicum
907 2954 1039 3013 libuisset
1059 2954 1226 3014 uniuersam
1248 2961 1362 3015 atatem
1386 2957 1522 3029 eripere,
1552 2957 1587 3014 ni
1605 2971 1687 3016 mors

390 3065 577 3133 proematura
593 3060 727 3133 puellam
749 3058 912 3115 sustulisset
930 3073 947 3113 e
965 3057 1075 3127 undio,
1102 3057 1157 3114 sed
1175 3060 1296 3116 enixam
1324 3058 1431 3117 liberos
1452 3060 1578 3131 aliquot,
1607 3074 1686 3132 quo-

394 3176 460 3218 rum
482 3161 584 3219 adbuc
608 3165 770 3234 supersunt
793 3159 904 3232 pueltee
931 3145 1004 3228 tres,
1035 3157 1260 3231 [Marqaretba‚
1281 3160 1416 3234 Atoysiu,
1440 3159 1582 3235 Coeilia‚]
1607 3177 1687 3234 puer
1725 3218 1729 3226 ,

324 3266 470 3321 §.monus
492 3257 660 3340 [Ioannes].
705 3260 804 3333 Neque
827 3260 878 3317 diu
900 3258 1007 3316 eoelebs
1031 3261 1128 3317 iuuere
1152 3264 1301 3331 sustinuit,
1333 3264 1401 3320 lieet
1427 3263 1487 3319 alio
1514 3261 1685 3321 liquantibus
1695 3276 1723 3315 rs

392 3366 554 3422 amicorum
574 3363 719 3420 consiliis:
752 3361 858 3433 plaucis
879 3359 1026 3417 neoresibus
1046 3376 1065 3417 a
1084 3359 1196 3432 funere
1215 3366 1319 3422 erroris
1337 3365 1457 3421 uiduam
1480 3363 1569 3420 diruit
1587 3365 1686 3436 maqis

391 3463 538 3528 curmae
552 3462 682 3535 familia
700 3477 788 3534 quom
810 3463 965 3535 uoluptati,
989 3463 1098 3535 quippe
1122 3480 1177 3522 nee
1198 3464 1304 3523 bellam
1322 3465 1495 3536 admodum,
1517 3480 1571 3522 neo
1591 3467 1685 3538 puel-

391 3569 467 3636 la'm,
490 3566 601 3637 ellipse
620 3564 716 3621 iocari
735 3565 819 3632 solet,
840 3562 894 3620 sed
907 3577 1006 3620 aerem
1027 3578 1065 3621 ae
1081 3566 1250 3636 uiqilantem
1268 3565 1541 3637 matremfamilias,
1564 3567 1685 3638 quicum

392 3673 489 3725 tarsen
498 3665 628 3739 perinde
641 3667 762 3756 comiter
780 3666 967 3736 suauiterque
990 3665 1057 3722 uiuit
1077 3682 1115 3724 ae
1130 3667 1157 3724 si
1174 3669 1276 3740 petella
1295 3666 1378 3739 foret
1394 3666 1497 3738 forma
1519 3673 1686 3739 quantum-

324 3767 462 3829 §.utilit
481 3765 618 3825 amabili:
650 3768 701 3824 iiie
723 3766 800 3823 ullus
820 3768 945 3823 maritus
971 3781 990 3821 a
1016 3782 1071 3824 suo
1099 3774 1212 3826 tantum
1239 3768 1369 3842 obsequii
1395 3770 1533 3841 impetrat
1560 3768 1725 3841 imperioso

391 3874 479 3942 atque
499 3868 708 3938 seteritudine‚
731 3874 872 3940 quantum
895 3866 944 3924 bie
965 3866 1118 3926 blanditiis
1139 3872 1275 3943 iocisque.
1314 3871 1388 3944 quid
1407 3872 1484 3927 enim
1506 3883 1563 3926 non
1587 3871 1688 3943 impe-

391 3978 460 4040 tret,
484 3977 678 4043 posteaquam
698 3969 809 4040 effecit,
838 3974 871 4025 ut
888 3969 995 4025 niirtier
1017 3970 1076 4025 iarn
1099 3970 1142 4037 ad
1161 3973 1274 4028 senium
1293 3987 1431 4043 oerqens,
1453 3970 1496 4028 ad
1515 3969 1570 4026 boe
1592 3971 1691 4028 animi

391 4072 508 4129 minime
538 4072 646 4142 mollis,
677 4076 826 4143 postremo
860 4070 903 4126 ad
933 4084 996 4126 reru
1029 4054 1236 4142 attentissima,
1270 4072 1403 4143 eithara,
1432 4071 1588 4139 testudine,
1618 4086 1689 4130 mo-

390 4172 539 4230 nocbordo
559 4173 693 4244 tibiisque
715 4186 825 4229 canere
849 4170 990 4242 disceret,
1016 4175 1045 4228 et
1065 4172 1096 4227 in
1118 4171 1198 4230 bisce
1219 4173 1306 4256 rebius
1325 4172 1453 4246 quotidie
1472 4169 1688 4245 pioescriptum

322 4273 491 4348 §.mopere
515 4288 639 4347 pensum
665 4273 797 4344 exiqentl
819 4272 927 4328 marito
953 4269 1115 4331 redderet?
1147 4274 1297 4333 Consimili
1319 4276 1454 4333 comitate
1475 4280 1562 4331 lotam
1582 4272 1726 4344 fami-ss

390 4378 462 4434 tiam
492 4375 679 4444 moderatur,
712 4375 742 4432 in
771 4387 834 4446 qua¹
858 4357 956 4431 riutla*
970 4374 1132 4446 bopardia,
1166 4377 1250 4433 nulla
1277 4378 1367 4445 rixa‚·
1404 4375 1504 4448 siquid
1529 4376 1689 4447 exstiterit,

459 4541 770 4607 ¹·2p1eranquet...t.o.
819 4540 990 4605 plerisquoi.
1032 4538 1052 4571 ¹⁸
1064 4538 1179 4606 Tamen]
1193 4543 1473 4607 eoespeataresltaque.
1522 4539 1600 4588 duxit
1613 4542 1689 4592 adm.

389 4624 521 4692 puellam]
536 4627 572 4675 cf.
583 4627 697 4675 Hesiotl.
711 4626 781 4691 Opp.
794 4629 822 4673 et
832 4626 856 4673 d.
868 4624 926 4673 atil.
942 4617 1138 4692 ιΠοιρθενικὴν
1151 4619 1182 4675 ii
1196 4629 1307 4692 γαμεῖν,
1320 4616 1358 4685 οἷς
1370 4616 1395 4675 n'
1407 4614 1484 4691 ἤθεα
1497 4614 1586 4674 κεδνὰ
1601 4618 1689 4676 didd-

391 4708 450 4775 ξῃς,
463 4710 607 4773 Virginem
619 4726 685 4759 vero
698 4710 849 4770 duoit0,ut
862 4723 951 4757 mores
965 4713 1057 4758 eustos
1070 4710 1181 4760 doceas.
1244 4710 1265 4743 ²³
1285 4712 1396 4777 aliquod
1409 4715 1434 4760 7.
1496 4707 1516 4740 ²¹
1537 4709 1716 4761 instituam

391 4795 453 4843 dum
469 4799 493 4843 1.
541 4793 563 4824 ²⁴
576 4794 750 4856 Praenomina
764 4779 823 4855 quoe
837 4793 916 4841 uncis
929 4792 1103 4857 inclusimus,
1123 4797 1163 4845 ed.
1176 4799 1200 4845 t.
1214 4811 1268 4847 non
1281 4797 1378 4858 habeb,
1399 4796 1447 4847 sed
1465 4794 1569 4844 habant
1587 4797 1613 4842 2.
1628 4811 1689 4861 sqq.

390 4880 543 4929 Caecilia5·
607 4877 630 4909 ²⁵
648 4876 742 4928 celebs
756 4878 865 4927 1...t.o.
919 4876 1058 4926 caelebs5·
1123 4877 1214 4931 ”nee
1233 4879 1328 4946 poelt]
1348 4883 1445 4930 adludit
1464 4880 1578 4927 adittud
1595 4879 1699 4951 Lydia·

390 4964 466 5013 bella
483 4963 587 5030 puella.
