3917 5950
367 627 442 703 348
478 646 599 697 CLXVI.
619 660 796 696 narrantur>
814 651 1105 709 nequamneuam.
1121 652 1179 695 teto.
1210 658 1654 695 ursanrranasar.nnanaa.rr.

858 730 863 751 .

297 818 541 893 t·¹⁴·dedignatus
563 815 612 876 es?
645 814 773 874 Proinde
794 815 830 873 ad
854 813 1002 893 mequod
1025 815 1152 891 pertinet
1180 813 1258 892 (nam
1285 813 1411 875 alierum
1440 813 1563 874 consilia
1586 814 1656 874 lraud

366 922 435 980 darm
459 919 626 997 perdidici),
655 917 723 995 qnia
745 915 850 976 scribis
872 917 901 976 in
924 915 971 975 illa
994 915 1218 977 maledictorum
1240 924 1359 977 tuorum
1381 916 1547 992 farragine,
1575 916 1658 993 siquis

365 1022 519 1082 mentitum
548 1027 577 1079 te
605 1024 655 1079 aut
683 1036 741 1077 nou
770 1018 927 1079 admodum
950 1017 1113 1077 Christiane
1140 1017 1271 1078 locutum
1296 1017 1501 1097 deprehendat
1523 1024 1554 1076 et
1575 1035 1658 1094 super

366 1124 422 1184 hec
446 1127 577 1190 inruont,
601 1127 736 1198 paratum
759 1127 788 1179 te
810 1127 963 1179 recantare
985 1122 1097 1188 statim,
1121 1121 1291 1198 priusquam
1312 1120 1342 1179 in
1364 1128 1393 1180 te
1417 1119 1508 1198 (quod
1531 1119 1658 1179 futurum

277 1248 283 1262 ·
366 1224 474 1302 alioqui
502 1222 640 1300 praedico)
670 1223 795 1289 irruam,
829 1239 935 1281 moneo
964 1239 1030 1299 quae
1058 1222 1099 1281 sie
1126 1221 1231 1298 cupide
1259 1223 1426 1290 evomuisti,
1461 1239 1523 1280 riou
1556 1222 1675 1281 tortosa

366 1344 484 1404 quoque
507 1332 538 1383 ut
562 1323 716 1383 reniamlas
739 1323 866 1399 primum
894 1341 928 1382 ae
955 1323 1040 1383 istam
1069 1322 1133 1382 orbi
1161 1323 1307 1399 impuram
1334 1330 1414 1383 tuam
1444 1321 1658 1383 cantiunculam

368 1436 517 1500 retzautes,
542 1425 647 1485 ‹loiude
671 1424 706 1483 ab
730 1443 765 1483 co
789 1442 876 1501 qumu
899 1425 1086 1484 innocentem
1108 1423 1258 1494 adllixisti,
1282 1425 1408 1485 nectale
1430 1423 1502 1504 quid
1525 1424 1658 1482 meritum

299 1537 540 1605 tlt-coutetupto
568 1528 677 1604 pariter
705 1533 734 1586 et
762 1524 936 1586 contumelia
958 1526 1127 1604 perfudisti,
1157 1526 1271 1586 veniam
1294 1526 1345 1586 tibi
1367 1544 1482 1586 exores
1527 1525 1598 1584 llaee
1619 1526 1658 1583 ria

366 1629 546 1690 declinanda
570 1646 662 1706 ponne
685 1630 728 1686 ria
752 1635 823 1687 este.
870 1627 940 1687 llice
963 1635 992 1686 te
1015 1628 1143 1687 enimin
1165 1627 1210 1687 liis
1233 1646 1297 1705 quae
1319 1628 1438 1697 scribis,
1462 1626 1558 1704 probe
1580 1643 1657 1686 men·

366 1733 428 1799 tiri,
459 1733 554 1808 ipsum
582 1739 610 1790 te
639 1727 795 1790 scelestum
826 1736 855 1788 et
884 1729 1032 1805 impurum
1060 1727 1157 1788 iudico
1185 1727 1332 1808 talemque
1360 1747 1439 1798 esse,
1466 1729 1523 1788 nisi
1545 1728 1656 1788 iamiam
1667 1744 1685 1782 o

366 1834 451 1893 uobis
474 1832 629 1900 satisfacis,
654 1831 815 1908 posteritati
838 1847 956 1908 quoque
978 1836 1114 1889 testatum
1138 1827 1309 1909 relinquam.
1354 1830 1491 1892 Praedixi.
1535 1829 1580 1891 Ex
1601 1828 1656 1889 lle·

367 1935 466 2013 guntin
490 1933 564 1993 lilll.
589 1927 684 1993 Celeri.
708 1931 792 1992 luuii.

434 2154 475 2203 nd
494 2154 566 2203 hanc
585 2152 731 2218 epistolem
750 2154 830 2216 quasi
849 2156 1039 2206 commentarii
1061 2155 1123 2207 loco
1146 2170 1208 2206 esse
1230 2158 1344 2219 possunt
1367 2152 1420 2202 due
1442 2151 1523 2214 libri,
1549 2166 1655 2217 quorum

367 2239 483 2289 alterum
501 2239 530 2288 in
547 2238 644 2287 Indice
662 2236 1037 2304 bibliogr.n.52.iudicavi,
1062 2241 1158 2301 alteri,
1183 2242 1250 2290 item
1268 2233 1360 2288 sermm
1378 2237 1538 2302 quadratae,
1564 2237 1653 2285 inscri-

365 2329 441 2390 ptum
466 2327 509 2372 ost
533 2320 571 2384 jn
590 2320 864 2386 montanistarum
888 2340 1060 2382 evonvunsn
1083 2342 1099 2375 a
1124 2322 1316 2392 sodomama
1340 2336 1495 2372 crassatus
1514 2318 1683 2386 andraea-tt

366 2424 447 2469 nisu,
472 2422 605 2457 anasiuni
630 2402 756 2472 nolanus
781 2423 976 2460 savoaesoavu
991 2409 995 2474 Ι
1010 2408 1242 2472 neronianam!
1307 2423 1344 2457 sn
1362 2407 1583 2470 nacroaatQui
1606 2405 1656 2469 lega

365 2492 439 2553 haec,
461 2490 482 2542 ti
501 2507 535 2561 qs
554 2489 584 2542 tri
599 2492 659 2542 haee
678 2491 763 2557 legis,
783 2493 857 2557 optie
875 2494 947 2543 letor
965 2493 1021 2560 [sic]
1038 2494 1098 2559 {Ne
1116 2494 1182 2543 mibi
1202 2493 1345 2543 Socratico
1363 2490 1491 2541 turbidus
1510 2506 1559 2540 ore
1578 2484 1653 2553 senil

365 2578 437 2626 Dum
456 2583 603 2626 caneretur
621 2581 668 2626 eni
685 2576 764 2625 nobis
782 2577 871 2628 bonus
890 2577 941 2630 ilte
955 2583 1047 2630 Leeus
1062 2577 1067 2645 Ι
1082 2581 1135 2629 Pro
1154 2577 1252 2644 pboebe
1271 2574 1383 2642 pressus
1401 2573 1461 2641 ipse
1475 2576 1569 2638 Lyeus
1583 2572 1654 2635 erat}

366 2677 390 2722 r,
410 2677 436 2722 Δ,
459 2661 463 2725 Ι
484 2660 516 2727 [ι’.
530 2679 553 2711 e.
568 2662 686 2711 Petreius
701 2660 884 2727 Aperbacdus]
906 2664 939 2712 In
953 2667 1006 2726 fine
1022 2667 1186 2729 penultinam,
1206 2665 1222 2712 i.
1236 2678 1259 2712 e.
1273 2665 1366 2710 aaut.
1381 2663 1488 2725 popinae
1505 2666 1545 2709 eat
1561 2659 1654 2709 Erffor·

364 2746 409 2812 diq
428 2763 477 2812 per
495 2748 625 2796 Ioannem
644 2747 786 2811 Cnappum
802 2743 807 2812 Ι
823 2748 857 2797 ad
876 2749 1001 2805 celebres
1019 2749 1106 2799 ferias
1122 2746 1209 2797 diuini
1224 2745 1229 2810 Ι
1244 2747 1378 2796 ternionis
1389 2760 1507 2807 aa,n,n,
1660 2754 1682 2793 tt

432 2834 473 2881 Rs
487 2831 536 2881 illo
548 2831 734 2896 Epistularum
747 2832 889 2898 farragine
904 2834 1002 2896 (indic.
1016 2834 1083 2884 bibl.
1096 2850 1122 2883 n.
1136 2832 1201 2894 523.
1215 2848 1241 2896 p.
1257 2830 1313 2881 143.
1326 2830 1379 2894 sq.)
1393 2830 1453 2879 baec
1467 2827 1656 2894 subiungenda

365 2932 426 2969 esse
444 2917 585 2969 videntur:

568 3052 761 3103 nannents
779 3053 945 3104 LlSTRlVS
963 3054 1084 3105 ΒΕΑΤΟ
1104 3049 1276 3103 amnuo
1295 3051 1364 3101 SVO
1378 3050 1406 3100 S.
1420 3052 1455 3100 Ι).

432 3172 472 3221 No
495 3172 607 3221 nescios
631 3187 684 3236 quo
707 3172 736 3220 iu
758 3177 834 3222 statu
857 3172 903 3222 laio
919 3174 1026 3235 simos,
1045 3174 1139 3229 ‚Beate
1166 3171 1341 3230 beatissime,
1365 3169 1423 3218 lodi
1446 3168 1569 3218 literarii
1588 3167 1655 3233 apud

364 3256 488 3306 Zuollom
506 3256 630 3305 nationes
649 3256 832 3316 moderamur,
861 3258 1033 3308 iuventutem
1052 3258 1164 3323 optimis
1180 3256 1270 3305 literis
1288 3255 1473 3315 instituimus,
1498 3270 1548 3318 pre
1565 3259 1685 3302 nostrata

364 3340 439 3390 uirili
458 3340 614 3389 barbariem
633 3342 762 3405 gnaviter
781 3342 972 3407 prodigamus,
993 3341 1152 3393 faventibus
1170 3340 1281 3406 optimis
1299 3337 1453 3404 quibusque
1473 3345 1502 3387 et
1519 3339 1656 3403 praecipue

364 3425 445 3474 lartius
464 3424 557 3489 oppidi
576 3426 754 3488 primoribus,
780 3427 828 3475 sed
851 3428 1030 3477 veliementer
1053 3425 1254 3476 rebellantibus
1271 3423 1502 3488 ptochotyrannis
1525 3438 1594 3488 quos
1611 3438 1654 3471 no·

364 3510 414 3562 sti,
436 3509 482 3573 qui
502 3508 603 3557 nullum
623 3525 676 3558 nen
695 3515 805 3559 merent
823 3511 957 3576 lapidem,
984 3511 1053 3561 uiliil
1071 3527 1126 3560 non
1144 3510 1260 3566 audent,
1284 3506 1353 3557 nihil
1372 3523 1427 3556 nou
1444 3506 1596 3555 moliuntur
1613 3506 1655 3554 ad-

364 3608 460 3641 rersus
478 3593 583 3656 optimo
601 3594 694 3641 studia
712 3631 827 3644 ......
853 3595 906 3644 Sed
930 3611 945 3644 e
969 3610 1022 3659 que
1046 3611 1114 3645 caro
1138 3610 1229 3659 quaese
1246 3592 1349 3658 prodiit
1366 3593 1421 3640 iste
1440 3593 1587 3657 gigantum
1605 3591 1655 3639 fra·

364 3675 486 3725 terculus
505 3676 648 3724 llilriardus
667 3678 753 3734 Lens,
778 3681 824 3743 qui
847 3680 940 3729 subite
958 3679 1031 3729 diris
1047 3679 1151 3728 bellum
1168 3678 1323 3727 indiceret?
1347 3678 1401 3725 ime
1425 3692 1440 3725 e
1464 3692 1518 3741 quo
1541 3676 1685 3739 sterqui-to

363 3759 432 3808 linio
451 3761 587 3823 prcuepsit
605 3762 757 3811 scarabeus
776 3765 829 3812 iste
853 3764 900 3828 qui
928 3769 1030 3814 nestrae
1054 3764 1155 3828 aquilae
1178 3764 1325 3828 negocium
1348 3761 1523 3810 lacesseret?
1550 3776 1584 3809 ex
1606 3775 1655 3824 que

364 3851 444 3892 antro
468 3843 587 3907 prosiliit
611 3843 690 3893 nobis
714 3846 834 3896 Caerulus
858 3850 925 3910 iste,
955 3853 1063 3897 tontum
1087 3848 1168 3906 fumi,
1193 3852 1354 3911 tantumque
1378 3846 1503 3894 incendii
1529 3847 1656 3894 romeus?

363 3929 489 3978 Hocciuc
508 3937 656 3977 monstrum
674 3930 754 3979 nobis
772 3932 847 3981 dedit
866 3932 968 3998 Anglia
987 3934 1028 3981 sic
1048 3932 1083 3980 ab
1102 3934 1216 3982 Erasme
1239 3931 1410 3994 praedicata?
1434 3930 1523 3979 Nemo
1541 3930 1593 3978 Lei
1613 3944 1655 3977 no·

363 4027 425 4061 meu
452 4011 573 4061 antebac
602 4013 728 4062 andierat
756 4030 844 4079 neque
868 4019 1013 4081 quisquam
1036 4017 1173 4066 bominem
1196 4025 1292 4065 natum
1314 4014 1434 4064 sciebat.
1471 4021 1499 4063 et
1523 4030 1592 4064 ecce
1615 4029 1655 4063 so-

363 4096 422 4146 bito
441 4097 541 4162 prodiit
562 4096 632 4146 liber
650 4099 775 4148 omnibns
798 4099 934 4150 machinis
958 4102 1096 4166 impetens
1114 4101 1265 4149 Erasmnm.
1301 4098 1378 4148 Nihil
1401 4098 1494 4147 adbuc
1517 4099 1577 4147 ridi
1599 4105 1682 4150 stu-ts

362 4180 466 4246 pidina,
487 4180 638 4236 indoctius,
664 4182 807 4236 insulsius,
833 4186 971 4244 insanius,
998 4185 1186 4250 arrogantius,
1212 4185 1370 4249 procacius.
1395 4182 1559 4248 gloriosius,
1580 4183 1653 4231 fuca-

362 4264 431 4322 tius,
456 4264 642 4316 malitiosius:
666 4283 718 4317 nec
737 4271 947 4333 grammaticam
965 4270 1043 4318 notit
1060 4285 1113 4319 nee
1131 4268 1310 4318 dialecticam
1327 4284 1379 4317 nec
1397 4266 1618 4332 philosophiam,
1637 4282 1652 4315 a

362 4348 505 4415 theologia
524 4349 684 4414 longissime
702 4353 798 4408 abest:
821 4362 898 4403 earet
917 4355 1044 4419 ingenie:
1069 4360 1146 4404 caret
1165 4354 1281 4409 iudicio,
1304 4358 1384 4403 caret
1401 4367 1486 4401 semu
1505 4353 1653 4408 comanorum

361 4434 466 4497 passim
484 4449 537 4483 nim
556 4434 691 4502 iutelligit
708 4436 760 4487 boc
779 4439 868 4502 ipsum
886 4438 958 4502 qnod
976 4439 1080 4503 carpit,
1100 4438 1204 4503 passim
1220 4453 1277 4487 nen
1295 4436 1428 4501 intelligit
1440 4437 1515 4501 qnod
1526 4451 1654 4501 arrogan—

362 4514 470 4565 tissime
488 4518 584 4572 docct,
608 4522 711 4585 passim
734 4537 789 4571 nen
811 4521 945 4586 intelligit
970 4537 1003 4571 ea
1026 4538 1088 4588 quse
1111 4526 1197 4584 citat3
1220 4537 1295 4589 saepe
1319 4523 1380 4587 ipso
1396 4522 1454 4570 sibi
1473 4521 1683 4578 contradicim

362 4610 555 4664 nonnunquam
578 4602 701 4668 loquitur
723 4606 818 4655 aliena
842 4614 870 4654 et
894 4607 940 4655 rix
963 4606 1082 4657 Horeste
1105 4607 1204 4672 digna:
1228 4608 1257 4656 in
1279 4621 1385 4656 summa
1408 4604 1489 4670 plura
1511 4611 1576 4655 suut
1599 4604 1653 4653 illic

364 4687 457 4729 errata
475 4697 558 4746 quam
575 4701 679 4738 resana
715 4690 751 4738 Et
773 4697 868 4739 tamea
891 4690 945 4739 iste
969 4701 1012 4739 est
1035 4692 1082 4756 qni
1107 4689 1236 4741 ecclesiae
1258 4688 1434 4756 periclitanti
1454 4692 1587 4757 supponit
1608 4690 1652 4739 bu·

363 4793 565 4810 *-

432 4878 501 4946 ιω]
520 4885 581 4932 eat?
599 4888 660 4935 Μ.
712 4888 799 4956 ’aial
817 4893 902 4942 unica
915 4893 990 4941 imit.
1043 4890 1066 4926 ’ἲ
1082 4893 1447 4957 ar.n.m.add.3.t·sctae.
1499 4890 1524 4923 ⁹
1539 4886 1650 4959 ‘igini

363 4961 459 5013 laren.
472 4973 526 5015 sat.
539 4966 641 5019 {Ut
709 4989 715 4997 ·
