3917 5950
402 586 449 657 42
654 600 753 651 XXVI.
779 611 1442 657 nvrrsrrranracon.rvcuerrr.n.1³.rvu.1tta.

370 801 373 805 ·
401 772 488 832 Vides
510 789 575 849 quae
596 771 634 831 sit
655 771 806 831 atrocitas:
830 789 846 831 a
868 788 927 849 quo
949 770 1091 832 liberatus
1113 773 1180 843 luit,
1211 775 1273 835 eius
1295 774 1405 836 liberos
1427 774 1568 853 perdidit:
1597 773 1693 834 excla-

395 893 484 934 mare
506 873 577 934 libet
599 874 627 935 in
650 873 713 932 baee
735 866 885 950 temp'ora,
919 872 1026 952 qudnvs
1054 881 1132 935 tanta
1160 875 1225 935 fidei
1253 895 1288 937 ac
1314 878 1469 955 probitatis
1495 877 1612 935 vastitas
1639 883 1702 935 est·

334 977 462 1047 §.valam
491 993 614 1036 uxorem
642 975 737 1035 iuveni
766 974 912 1035 locaverat
938 982 1038 1053 pater,
1073 975 1199 1055 puellam
1228 987 1395 1049 venustam,
1429 976 1572 1061 nobilem,
1606 997 1693 1056 quam

332 1080 339 1093 '
403 1077 534 1146 amabat,
557 1096 611 1137 suo
633 1094 755 1153 magno,
785 1082 817 1137 ut
838 1076 986 1147 videmus,
1014 1078 1106 1139 malo:
1135 1079 1211 1141 barre
1233 1080 1350 1162 dulcem
1370 1080 1484 1141 vivendi
1506 1081 1693 1141 consuetudi-

333 1199 485 1251 §.rr.nem,
518 1179 575 1240 hoe
596 1178 794 1256 pulcherrime
816 1180 978 1239 institutum
1002 1170 1067 1241 vitan
1087 1200 1194 1258 genus,
1228 1191 1384 1261 antequam
1406 1183 1442 1243 ad
1470 1182 1599 1243 lructum
1626 1194 1715 1259 per-⁵

403 1283 528 1351 veniret,
552 1281 670 1360 abrupit
691 1281 833 1351 scelestus
855 1282 1009 1360 parricida.
1054 1283 1171 1344 Patrem
1193 1284 1394 1345 Ludovichum
1421 1286 1502 1344 aium
1516 1284 1693 1345 ‘miserrime

363 1427 368 1436 ·
403 1384 579 1452 oonllietari;
602 1403 649 1444 me
671 1390 751 1444 tenet
772 1382 820 1443 hie
842 1383 1012 1444 valetudinis
1035 1404 1119 1455 cura;
1143 1385 1194 1447 ubi
1209 1388 1336 1471 primum
1353 1371 1537 1456 convaluero,
1561 1386 1597 1446 ad
1613 1384 1693 1445 illum

333 1510 391 1559 ere,
404 1486 579 1556 concedam,
614 1494 647 1546 ut
674 1485 855 1546 condoleam.
900 1487 969 1563 quid
999 1499 1118 1564 possum
1146 1489 1223 1549 euim
1252 1488 1351 1549 aliud?
1383 1495 1433 1549 aut
1458 1489 1483 1548 si
1517 1488 1588 1567 quid
1616 1486 1707 1548 aliud.

395 1607 534 1667 possem,
572 1589 619 1648 cui
641 1589 749 1647 rectius
771 1587 960 1665 praestarem?
996 1590 1072 1649 nosti
1094 1598 1127 1650 ut
1148 1589 1185 1650 de
1208 1609 1255 1652 me
1282 1591 1322 1650 sit
1347 1591 1484 1651 meritus:
1521 1589 1611 1667 babet
1637 1590 1694 1649 hoc

401 1696 535 1769 tempore
550 1690 705 1750 Germania
728 1690 806 1768 quod
830 1709 877 1749 me
891 1689 1016 1752 delectet
1037 1691 1122 1759 nihll;
1145 1692 1333 1754 acerbissime
1347 1692 1436 1752 allicit
1450 1691 1558 1770 gentile
1573 1690 1693 1752 malum.
1706 1701 1730 1742 ¹⁰

402 1792 497 1854 Credo
519 1793 596 1872 apud
614 1792 764 1852 'Caesarem
787 1798 816 1852 et
838 1801 1013 1853 convocatos
1035 1794 1199 1854 Germaniae
1225 1795 1373 1874 principes
1400 1793 1586 1854 accusabitur
1614 1811 1692 1852 reue.

281 1957 287 1971 ,
402 1896 462 1956 sive
484 1895 589 1963 adero,
620 1913 655 1954 ex
679 1913 726 1954 me
748 1893 817 1973 quid
840 1895 890 1954 liat
911 1895 1020 1965 disces,
1044 1897 1103 1975 sive
1125 1897 1160 1957 ad
1183 1904 1212 1956 te
1233 1897 1262 1955 in
1284 1894 1397 1957 ltaliam
1419 1895 1482 1965 ibo,
1516 1893 1588 1955 nibil
1610 1895 1693 1971 igno-

334 1996 541 2074 §.mrabimus
585 1996 686 2057 l'otest
707 1995 770 2070 haec
792 2002 862 2056 aetas
883 1998 907 2056 si
929 1998 1001 2057 nibil
1023 1997 1110 2067 aluid,
1133 1998 1188 2058 lmc
1211 1997 1313 2058 saltem
1336 2015 1443 2058 novum
1460 2005 1489 2057 et
1502 1994 1694 2057 memorabile

401 2100 563 2178 posteritati
585 2098 712 2159 tradere.
757 2097 832 2166 Ouid
855 2099 949 2159 dicam
972 2100 1091 2177 ignoro:
1115 2099 1171 2160 hoc
1193 2118 1284 2160 unum
1306 2100 1377 2168 seio,
1400 2098 1479 2178 quod
1502 2097 1578 2158 male
1601 2099 1693 2157 lortu-
1797 2155 1800 2173 ⁴

402 2203 460 2263 nati
483 2221 585 2264 sumus
606 2201 735 2262 Hutteni.
780 2201 888 2262 Verum
911 2201 990 2261 lrune
1011 2201 1141 2271 luctum,
1165 2219 1219 2279 per
1238 2190 1273 2261 'se
1293 2219 1434 2279 magnum
1456 2201 1583 2279 quidem,
1607 2206 1729 2278 auget1⁵

402 2311 500 2365 tanmn
522 2304 618 2364 adluvc
640 2302 759 2363 ltelvollr
781 2303 892 2363 obitus:
920 2301 1024 2363 calculi
1046 2303 1151 2363 morbo
1174 2303 1296 2373 occidit,
1325 2321 1383 2382 quo
1411 2302 1563 2364 laborabat
1585 2302 1695 2381 aliquot

333 2408 459 2483 §.uiam
482 2425 588 2476 annos,
612 2424 667 2465 nee
688 2424 704 2464 a
728 2405 849 2465 medicis
870 2405 1018 2466 subveniri
1040 2413 1164 2482 poterat.
1208 2405 1287 2466 blors
1308 2405 1380 2477 milri
1401 2406 1464 2467 eius
1479 2412 1512 2466 ut
1525 2407 1692 2483 importuna

402 2507 522 2577 accidit,
545 2509 584 2567 ita
607 2525 746 2583 maguum
768 2507 866 2565 animo
888 2505 1020 2567 dolorem
1044 2509 1210 2568 concitavit:
1240 2508 1391 2585 inceperat
1412 2506 1611 2584 pulcherrime
1633 2514 1693 2567 stu·
1756 2520 1758 2525 ·

402 2609 458 2669 diis
479 2609 552 2669 nreis
582 2607 756 2676 consulere,
790 2614 878 2685 atque
905 2626 938 2668 ea
965 2626 1025 2668 non
1054 2609 1179 2670 obscure
1206 2611 1264 2669 iam
1292 2616 1493 2688 promoverat,
1529 2610 1692 2687 prinoipem

296 2724 299 2729 ’
333 2718 505 2783 §.reuectus
526 2709 657 2771 iuvandis
677 2709 769 2770 literis
790 2709 938 2779 idoneum,
961 2709 1113 2771 Alhertum
1134 2711 1394 2791 Archiepiscopum
1408 2710 1621 2788 llloguntinum.
1645 2711 1730 2788 quio

400 2814 606 2891 propositurus
628 2813 725 2874 virtuti
748 2812 867 2889 praemia
889 2812 1028 2883 ereditur,
1051 2821 1081 2873 et
1101 2830 1155 2890 per
1177 2831 1265 2890 quem
1286 2813 1417 2875 loturum
1431 2819 1536 2890 putant
1550 2812 1694 2880 homines,

400 2922 436 2976 ut
455 2922 534 2977 recta
557 2914 651 2975 studia
674 2913 852 2985 coalescant,
883 2914 1034 2976 barbaries
1056 2913 1170 2976 exulet:
1199 2914 1269 2976 huic
1295 2934 1343 2976 me
1370 2933 1430 2976 non
1451 2913 1593 2975 inutiliter
1615 2932 1694 2975 eom·

401 3018 597 3080 mendaverat.
643 3017 795 3077 Studiosos
818 3018 897 3103 enim
917 3017 1034 3078 amabat
1055 3036 1089 3078 ac
1110 3017 1241 3077 literatos
1262 3016 1383 3086 omneis,
1406 3016 1610 3077 clamabatur
1632 3017 1694 3093 ipse

401 3121 527 3180 vicissim
549 3120 587 3180 ab
609 3119 755 3180 omnibus.
793 3118 894 3180 Latine
916 3119 1032 3180 dicebat
1052 3127 1194 3197 prompte.
1211 3126 1240 3180 el
1260 3120 1446 3197 incorruptc;
1469 3099 1586 3196 seriptis
1608 3119 1694 3178 etiam

333 3246 352 3296 ς.
360 3246 392 3291 u.
403 3223 545 3303 elegantia
567 3243 602 3283 ac
624 3222 748 3299 dignitas
769 3222 893 3282 inerant.
931 3228 1039 3299 praeter
1061 3229 1165 3281 crotera
1187 3221 1352 3282 immanitas
1374 3221 1467 3308 maior
1489 3239 1577 3299 quarn
1599 3220 1729 3281 aulico2⁵

402 3327 514 3386 homini
537 3326 709 3386 crederetur
730 3323 873 3384 accidere.
911 3325 1081 3402 frequenter
1103 3341 1135 3382 se
1157 3323 1382 3384 commendabat
1402 3322 1504 3383 amicis
1518 3340 1572 3399 per
1587 3324 1695 3399 episto-

401 3427 457 3497 las,
480 3445 605 3506 quarum
628 3426 821 3505 suut'aliquae
843 3426 879 3486 ad
902 3425 1058 3494 metelos,
1088 3432 1121 3485 ut
1143 3443 1210 3485 eum
1232 3425 1423 3485 admiratione
1445 3422 1555 3501 legam,
1587 3425 1696 3501 quippe

401 3549 468 3610 quae
489 3529 526 3589 ab
548 3529 668 3588 bomine
690 3528 874 3606 negotiorum
897 3527 1096 3605 magnitudine
1117 3546 1134 3586 a
1156 3526 1258 3587 studiis
1272 3528 1405 3587 seiuncta
1419 3532 1479 3586 tam
1494 3524 1612 3593 Latinae,
1635 3532 1695 3583 tam

304 3634 307 3640 “
333 3632 549 3708 §.meastigatae
571 3630 742 3708 prodierint.
787 3628 903 3689 Latinas
923 3628 1024 3689 literas
1045 3630 1075 3688 in
1097 3626 1177 3689 ltalia
1200 3623 1355 3697 didicerat,
1384 3626 1596 3704 utplurimum
1618 3643 1693 3702 prae·

403 3739 523 3811 ceptore
557 3730 692 3809 Philippo
725 3730 883 3799 beroaldo,
923 3748 1011 3808 quem
1047 3748 1107 3789 non
1142 3730 1257 3791 modica
1290 3728 1463 3790 liberalitate
1496 3729 1691 3789 demeruerat.
1704 3741 1730 3782 so

402 3835 548 3912 attingens
569 3841 670 3912 postea
692 3833 809 3894 arecas
836 3839 991 3894 revocatus
1013 3840 1057 3893 est
1078 3851 1095 3892 a
1117 3833 1193 3893 suis:
1223 3833 1251 3892 id
1273 3831 1352 3910 quod
1374 3848 1452 3909 saepe
1473 3830 1556 3909 queri
1578 3830 1695 3890 auditus

334 3944 457 4005 §.uest
501 3935 586 4006 Quod
609 3948 725 3995 summo
747 3933 866 3994 laudum
888 3933 966 3994 illius
987 3933 1054 3996 loco
1076 3936 1188 4005 resero,
1216 3935 1345 4014 primum
1373 3940 1403 3995 et
1424 3951 1516 3994 unum
1537 3932 1625 4005 buius
1647 3950 1695 3991 or·

401 4041 477 4102 dinis
492 4037 647 4100 Germania
670 4036 785 4105 babuit,
808 4036 858 4114 qui
881 4054 948 4096 cum
969 4053 1144 4114 magnarum
1163 4054 1264 4097 rerum
1279 4035 1530 4096 administratione
1543 4033 1695 4095 literarum

400 4142 495 4204 studia
518 4141 718 4218 coniungeret,
756 4155 880 4216 magnus
902 4143 965 4196 erat
987 4137 1022 4197 ad
1045 4137 1127 4198 illum
1149 4138 1332 4198 literatorum
1353 4153 1528 4205 concursum
1552 4133 1696 4196 salutabat

401 4262 519 4313 omnes,
542 4241 679 4320 praesidio
703 4246 766 4301 erat
787 4238 900 4308 multis,
930 4240 1043 4317 luitque
1065 4241 1159 4318 prima
1181 4239 1222 4299 illi
1244 4258 1315 4300 cura
1338 4240 1374 4300 ad
1397 4256 1605 4318 quamcunque
1627 4238 1729 4297 civi-³⁶

333 4354 391 4404 §.²2
401 4354 492 4407 tatem
514 4345 697 4413 adventaret,
726 4343 763 4403 de
784 4342 887 4403 studiis
909 4359 1072 4419 eorumque
1094 4341 1311 4421 professoribus
1333 4341 1491 4419 inquirere.
1527 4339 1575 4400 ble
1597 4338 1697 4399 dilexit

402 4449 605 4518 vehementer,
629 4465 696 4507 nam
718 4464 752 4506 re
774 4444 1000 4523 comprobatum
1022 4449 1083 4514 est,
1111 4462 1198 4522 quarn
1221 4461 1281 4503 non
1303 4440 1454 4503 simularet
1475 4441 1532 4502 boc
1555 4459 1627 4519 erga
1650 4458 1696 4500 me

399 4549 544 4609 studium:
567 4550 665 4626 itaque
681 4550 851 4626 frequenter
866 4544 1001 4608 familiari
1016 4544 1202 4608 collocutioni
1218 4542 1384 4613 adhibebat,
1405 4561 1453 4603 me
1468 4543 1586 4604 interim
1602 4543 1697 4604 rarius

470 4783 481 4815 Β
498 4784 553 4834 Ubi
566 4783 669 4832 lrabere
692 4783 790 4833 melius
808 4801 918 4851 coepero
932 4782 981 4835 3¹¹.
1062 4783 1085 4816 ²⁰
1101 4779 1306 4847 Arehepil'copr'r
1319 4780 1353 4829 Α.
1436 4778 1459 4812 ⁸³
1480 4783 1562 4829 malim
1582 4779 1697 4844 primurn

403 4883 464 4918 eum
478 4872 506 4918 et
557 4866 579 4898 ³⁵
598 4868 735 4934 queneirqq
754 4869 789 4918 A.
804 4884 985 4935 quancunque
999 4871 1059 4919 23.
1103 4866 1126 4900 ³⁷
1138 4867 1310 4917 simulaverit
1328 4861 1377 4915 ³⁸.
1425 4864 1448 4898 ⁸⁸
1467 4863 1654 4915 collocutione
1664 4866 1697 4914 A.

402 4955 463 5019 ipso
476 4954 536 5019 (pro
549 4951 603 5016 me)
618 4949 664 5001 3¹¹.
