3917 5950
587 665 737 717 CLXVIII.
756 677 936 716 nxuosefflo
949 678 986 715 nn
1000 676 1147 715 aonnsuos
1162 680 1196 716 vs
1210 676 1403 715 nsesexsain'c.
1568 650 1641 724 353

347 848 379 898 ut
400 843 459 911 ipsi
478 843 508 896 in
530 848 691 896 extremam
709 846 916 910 paupertatem
942 840 1120 911 redipantur.
1172 839 1273 894 Nonne
1300 846 1381 895 tanta
1407 847 1450 896 est
1475 843 1526 897 illa
1554 846 1640 899 male-

347 928 447 992 dictio,
471 928 545 981 sicut
567 927 723 997 imapinari
740 931 849 995 potest,
872 941 936 980 cum
958 925 1150 979 clarissimum
1172 927 1216 1002 sit·
1229 924 1291 979 boee
1313 927 1408 980 omitia
1429 929 1561 995 servitia,
1587 929 1641 983 bas

349 1012 421 1065 tales
436 1012 636 1081 beneficiorum
653 1011 818 1066 collationes
833 1017 935 1065 eontra
951 1011 1009 1076 ius,
1033 1026 1089 1063 nan
1101 1016 1225 1078 propter
1241 1009 1398 1078 Christum,
1421 1013 1473 1066 scd
1485 1016 1641 1083 proprium

348 1097 524 1151 commodam
548 1102 722 1165 usurpatas,
752 1101 779 1148 et
801 1101 904 1148 cuncta
933 1096 983 1148 illa
1010 1095 1102 1147 media
1131 1095 1183 1148 dea
1205 1095 1323 1163 penitus
1351 1097 1520 1165 displicere:
1547 1105 1574 1152 ct
1601 1106 1640 1163 tu,

326 1195 426 1235 scoeca
451 1181 621 1247 Germania,
640 1187 731 1250 putas
753 1180 786 1234 ab
808 1180 995 1234 obedientiam
1019 1180 1112 1231 omma
1135 1181 1298 1233 necessario
1315 1182 1381 1250 pati
1402 1181 1512 1235 debere.
1551 1182 1641 1237 Sedu-

347 1267 455 1320 ctiones
470 1268 533 1319 istoe
554 1267 610 1319 iam
633 1282 698 1319 cum
721 1281 824 1334 nrupuo
845 1266 950 1317 damno
970 1278 1067 1334 passee
1095 1264 1158 1317 luce
1185 1265 1294 1318 clarius
1322 1265 1495 1333 aperiuntur
1524 1268 1586 1333 tibi,
1615 1271 1642 1319 et

348 1350 444 1404 adbuc
472 1353 552 1404 times
569 1343 675 1405 ‘dicere
702 1355 730 1402 et
758 1350 853 1403 videre
882 1349 959 1418 quod
987 1349 1071 1401 eides.
1117 1346 1191 1412 Quid
1220 1350 1320 1402 times?
1351 1350 1459 1404 Eccita
1485 1353 1642 1420 potentium

347 1442 424 1488 tuam
448 1436 498 1488 libi
519 1452 537 1487 a
560 1435 612 1488 deo
634 1436 731 1488 dutum
754 1434 799 1487 bis
815 1433 1057 1504 perversitatibus
1079 1433 1128 1486 tibi
1147 1433 1177 1485 in
1198 1439 1274 1486 tuam
1292 1434 1511 1489 destructionem
1522 1437 1642 1505 peintus

348 1520 527 1573 tendentibus
554 1519 721 1582 resistendi,
755 1525 782 1571 ct
811 1532 918 1586 repone
947 1518 1065 1587 (tritique
1094 1532 1182 1569 sacra
1211 1519 1327 1571 decreta
1361 1525 1427 1572 ante
1459 1527 1639 1589 conspectum

315 1610 443 1669 ictuum,
473 1619 538 1672 quae
559 1604 599 1655 ita
620 1617 675 1672 per
697 1603 829 1671 spiritum
852 1609 984 1655 sanctum
1006 1603 1112 1654 dictata
1136 1603 1165 1654 in
1191 1603 1400 1656 ureiuersulibus
1427 1606 1554 1658 ccutciliis
1575 1611 1642 1659 sunt

309 1678 322 1692 ''
346 1690 437 1753 edita,
462 1688 564 1758 quibus
584 1688 670 1740 etium
692 1687 812 1756 quisque
835 1685 984 1740 Romanus
1002 1686 1139 1755 pontifex
1162 1686 1275 1739 obedire
1298 1693 1424 1752 tenetur,
1448 1690 1505 1741 nisi
1518 1691 1547 1742 io
1563 1697 1640 1743 tumn

346 1773 578 1840 suppressionem
602 1776 630 1824 et
651 1770 791 1824 Ronuuue
812 1771 902 1824 carice
924 1770 1127 1824 exaltationem
1151 1772 1263 1836 tendat,
1287 1778 1315 1825 et
1336 1773 1416 1826 dicas
1431 1780 1540 1827 sanctie
1555 1775 1643 1828 matri

321 1849 404 1909 ¹tuce
426 1858 554 1910 ecclesiae
576 1861 793 1923 representans
812 1869 868 1923 per
890 1855 942 1908 leac
964 1870 1081 1908 sacrum
1103 1855 1253 1908 concilium
1277 1855 1386 1922 ,‚Ecce,
1410 1868 1502 1910 mater
1515 1860 1639 1927 pietatis,

346 1946 449 1995 cantra
472 1947 538 1993 tuas
559 1947 676 1993 sanctas
698 1941 815 2010 reputas
838 1940 980 1993 tertinersoe
1002 1940 1129 1992 ecelesia·
1155 1940 1279 1992 traditas
1304 1947 1446 2011 probatur
1474 1943 1640 1996 obedientis-

317 2027 421 2079 issima
442 2025 505 2093 filia
528 2013 593 2089 lua,
617 2025 695 2077 natio
712 2024 898 2088 Germanica,
922 2029 949 2076 et
971 2023 1077 2092 absque
1099 2037 1189 2077 causa
1212 2025 1239 2076 in
1264 2026 1395 2078 miseram
1412 2028 1574 2080 seruitutem
1592 2027 1640 2080 de-

347 2109 476 2164 vorantis
497 2115 525 2162 et
546 2114 666 2161 ctcnctas
684 2123 760 2177 pene
783 2123 851 2177 opes
879 2108 1059 2178 deplutientis
1086 2106 1226 2161 Romame
1254 2110 1344 2162 clerice
1372 2112 1491 2164 redacta
1520 2119 1578 2167 cst:
1614 2115 1641 2163 et

346 2211 440 2259 nunc,
464 2194 533 2262 quia
554 2193 675 2261 spiritus
696 2193 803 2246 domiui
824 2193 943 2261 repleuit
965 2192 1059 2245 arbem
1084 2197 1208 2245 terrente
1229 2192 1412 2247 habitationis
1426 2201 1547 2263 nostroe,
1571 2197 1639 2266 quia

347 2279 474 2333 videmus
496 2278 573 2347 quad
592 2278 694 2348 laquea
717 2279 845 2330 restricti
872 2284 1001 2331 tenemur
1028 2283 1055 2330 ct
1082 2278 1207 2330 rriaaimo
1232 2276 1381 2347 funiculo,
1416 2281 1493 2349 quad
1520 2278 1640 2350 difficile

345 2362 486 2416 hactenus
508 2364 606 2431 rumpi
622 2364 730 2432 potuit,
756 2363 818 2416 ideo
839 2363 925 2415 iusta
947 2363 1005 2414 triu
1031 2368 1132 2415 sancta
1158 2369 1306 2432 praecepto
1334 2369 1483 2417 conterere
1513 2366 1640 2419 volumus

312 2447 424 2501 mbunc
445 2448 579 2517 laqueum
602 2453 630 2501 et
652 2448 781 2515 nosipsos
803 2452 853 2499 tua
870 2447 1049 2515 protectione
1071 2446 1203 2500 liberare.
1249 2446 1313 2500 Non
1339 2451 1552 2517 acquiescemus
1579 2467 1639 2502 arri·
1681 2513 1686 2521 ⁸

341 2532 437 2602 plius,
459 2533 486 2584 si
507 2530 640 2585 Romana
662 2532 745 2584 curia
764 2545 821 2600 per
843 2545 1030 2600 quascunque
1053 2532 1127 2597 uias,
1157 2532 1215 2585 siue
1241 2533 1404 2601 pretiorum
1427 2534 1485 2586 siue
1507 2549 1639 2588 reseren-

345 2617 468 2682 tionum,
502 2615 702 2685 beneficiorum
730 2615 896 2669 collationes
925 2616 964 2669 ad
990 2629 1021 2668 se
1043 2617 1183 2674 traseriu
1217 2632 1272 2670 non
1301 2619 1527 2686 acquiescemus,
1564 2619 1640 2672 siin

344 2700 470 2754 electius
491 2699 635 2769 beneficiis
656 2705 685 2753 et
705 2700 890 2770 dipnitatibus
912 2706 939 2753 et
961 2699 1226 2768 confirmationibus
1240 2701 1313 2754 iuris
1328 2703 1455 2756 ordinem
1471 2699 1640 2774 infreperits

345 2801 402 2839 non
426 2784 466 2838 ad
487 2792 613 2839 annatas
635 2790 685 2838 aut
707 2785 827 2838 annales
848 2785 1070 2839 contributiones
1091 2784 1212 2854 obtipari
1230 2786 1372 2853 volumus,
1395 2789 1447 2840 sed
1460 2792 1569 2840 tantum
1585 2789 1641 2841 erit

313 2869 562 2939 isdilipeatissima
584 2886 657 2924 curu
681 2876 780 2924 nostra
801 2870 1009 2923 strictissimam
1033 2869 1217 2922 obedientiam
1239 2870 1268 2922 in
1291 2872 1401 2924 cunctis
1423 2873 1462 2924 ad
1476 2873 1639 2926 animarum

315 2939 320 2951 ’
344 2955 466 3009 satutem
488 2954 683 3026 spectantibus
704 2952 855 3021 exhibere,
877 2956 942 3023 pati
962 2954 1170 3020 correctiones,
1195 2955 1382 3021 visitationes,
1407 2955 1638 3026 reformationes,

344 3048 372 3093 et
394 3045 500 3094 cuncta
523 3055 587 3110 quae
610 3041 789 3094 adsalutem
807 3040 969 3109 pertineat,
998 3039 1147 3091 dummodo
1176 3040 1205 3091 iu
1232 3030 1310 3092 illum
1331 3041 1417 3109 floem
1441 3058 1458 3093 a
1480 3044 1546 3096 sede
1569 3058 1638 3110 apo-

344 3125 447 3178 statica
469 3124 514 3177 oet
534 3126 590 3179 alio
613 3139 781 3195 quoeunque
804 3125 843 3177 ad
864 3122 917 3177 boc
939 3124 1137 3176 auctoritatem
1153 3122 1275 3177 babeate
1287 3124 1370 3193 fiant.
1416 3124 1639 3179 Necessitatibus

345 3215 440 3262 autem
463 3209 636 3263 uniuersalis
657 3209 784 3263 ecclesia
801 3223 859 3278 per
881 3214 995 3262 nostras
1009 3208 1131 3278 lepatos,
1154 3208 1334 3276 cardinales,
1358 3210 1409 3278 qui
1424 3208 1552 3263 Iloomno
1564 3226 1638 3279 pon·

310 3294 418 3363 sotifici
438 3296 586 3360 assistent,
610 3295 773 3361 coosulere,
801 3310 836 3347 ac
858 3295 924 3347 dum
947 3294 987 3346 ita
1007 3290 1086 3363 foret
1108 3300 1313 3362 opportunum,
1338 3309 1396 3363 per
1423 3310 1570 3365 eapensas
1589 3293 1638 3366 fa·

343 3378 463 3432 ciendas
490 3380 671 3433 contribuere
700 3395 756 3432 non
786 3380 997 3444 recusabimus,
1031 3379 1181 3433 dummodo
1209 3379 1243 3432 de
1270 3384 1368 3432 nostro
1396 3385 1446 3433 aut
1480 3382 1638 3451 leputarum

344 3468 509 3518 nostrarum
537 3479 677 3519 consensu
706 3463 833 3518 subsidia
860 3464 1023 3517 instiusmodi
1049 3465 1242 3532 imponantur.
1292 3463 1331 3516 Et
1353 3466 1480 3534 'qirando
1514 3464 1567 3520 bac
1599 3467 1639 3519 ita

341 3546 516 3618 fecerimus,
544 3562 697 3618 speramus
719 3565 816 3602 coram
840 3549 891 3603 deo
914 3549 953 3602 ad
975 3549 1054 3601 rtulla
1077 3549 1135 3601 alia
1157 3563 1209 3602 nas
1231 3546 1370 3602 Romanae
1392 3551 1482 3603 curiae
1510 3550 1638 3621 oblipari,

343 3639 372 3686 et
393 3634 531 3702 quicquid
551 3633 631 3688 nabis
652 3641 754 3689 cantra
772 3636 926 3704 peternessa
946 3634 1113 3686 mandatum
1126 3632 1233 3704 fuerit,
1257 3650 1313 3688 non
1329 3649 1368 3688 en
1383 3636 1517 3690 mandato
1534 3635 1641 3690 Cbristi

310 3718 479 3786 ssprodire,
501 3722 529 3771 ct
550 3734 606 3771 noo
630 3720 779 3787 acceptari
796 3734 896 3787 posse,
919 3720 974 3773 imo
998 3720 1093 3772 verius
1115 3716 1244 3789 refutari
1264 3719 1381 3786 debere,
1405 3721 1456 3790 qui
1469 3721 1547 3774 nabis
1558 3736 1637 3790 prce·

343 3802 434 3871 cepit,
458 3804 535 3871 quod
552 3808 671 3873 patrum
690 3809 840 3872 praecepta
862 3818 981 3858 servare
1012 3803 1170 3856 debeamus.
1221 3802 1260 3857 Et
1287 3806 1362 3858 sicut
1387 3806 1454 3859 dicit
1483 3806 1639 3875 Greporius

344 3886 533 3942 ‘Admonendi
553 3895 619 3942 sunt
640 3887 757 3955 subditi,
791 3903 826 3942 ne
847 3889 914 3957 plus
935 3904 1021 3959 quam
1044 3890 1162 3958 expedit
1184 3889 1242 3942 sint
1267 3890 1400 3956 subiecti,
1434 3904 1470 3943 ue
1492 3907 1556 3945 cum
1578 3897 1637 3945 stu·

343 3971 431 4025 deant
448 3973 519 4041 plus
541 3989 626 4045 quam
654 3974 772 4044 expedit
799 3972 959 4028 bominibus
986 3973 1100 4041 subiici,
1131 3973 1341 4045 compellantur
1368 3990 1467 4030 earum
1495 3978 1563 4031 vitia
1592 3990 1637 4030 ve-

343 4057 470 4124 merari,
493 4054 545 4125 dc.

948 4134 1036 4176 Flrtts.

342 4272 547 4284 ——.——

411 4408 432 4441 ¹³
457 4408 692 4475 repraesitatart.
767 4407 791 4441 ³⁵
815 4409 968 4460 ct.10ann.
988 4411 1046 4460 XV.
1063 4408 1100 4458 10.
1171 4408 1193 4439 ³⁶
1220 4405 1345 4473 Gregor.]
1369 4409 1484 4457 Decreti
1508 4407 1635 4459 Gratian.

342 4499 414 4559 part.
428 4494 467 4544 11.
489 4509 566 4545 caus.
585 4497 621 4545 II.
641 4511 685 4560 qu.
703 4496 728 4545 I.
743 4511 805 4559 cap.
819 4494 861 4546 57.

397 5073 532 5125 Hvsrm
550 5074 619 5127 Ore.
638 5090 703 5128 nos..
716 5075 739 5125 1.
