3917 5950
445 651 569 703 xxxvl.
588 658 609 700 1.
627 664 765 702 srrsroca
778 664 814 700 an
827 663 1039 723 rraxruicunvu
1052 663 1118 698 cres.
1132 662 1236 699 rreum
1248 662 1383 700 rrcrrcu.

417 821 481 884 Non
500 839 607 906 serus,
628 838 690 885 uon
712 826 758 882 est
778 818 826 881 oui
847 837 922 882 saeva
944 819 1113 898 pepercerit
1133 825 1203 880 aetas

351 943 388 984 roo
484 922 592 992 Gallia,
613 939 675 982 non
695 922 767 1000 ipsIs
788 919 916 981 abstinet
936 920 985 981 illa
1007 920 1077 981 deis.

416 1024 518 1086 Obiice
539 1025 577 1085 de
598 1023 702 1085 rabido
723 1023 830 1083 virtute
852 1021 955 1083 ultrice
977 1022 1080 1090 furori,

487 1124 534 1187 Nil
554 1124 661 1205 reliqui
682 1127 775 1186 victor
797 1125 854 1184 iarn
877 1124 946 1184 iacit
966 1125 1021 1184 iste
1043 1123 1129 1191 mibi:

417 1227 600 1289 Foemineum
621 1228 762 1288 miserare
783 1239 877 1304 genus
899 1243 1067 1304 puerosque
1088 1223 1218 1305 deosque

350 1350 387 1390 iet
486 1328 591 1407 Eripe,
614 1328 693 1407 quod
715 1327 838 1406 perdam
860 1325 900 1387 nil
922 1328 1088 1405 superista
1111 1334 1225 1395 manet;

417 1432 507 1493 Serra
528 1428 637 1509 aliquid
659 1429 731 1490 durn
752 1447 813 1489 non
834 1429 988 1506 perierunt
1009 1429 1121 1497 omnia,
1144 1447 1182 1489 ne
1204 1446 1271 1488 cum

488 1531 606 1592 Servari
627 1531 728 1609 cupias
744 1529 892 1608 plurima,
915 1529 995 1590 nulia
1017 1537 1140 1623 queant:

416 1633 591 1694 Maturasset
611 1650 687 1710 opus
708 1650 779 1693 casu
802 1631 991 1692 Fridcrichus
1014 1632 1043 1690 in
1065 1633 1130 1701 isto,

350 1755 387 1795 res
487 1734 598 1796 Cimota
619 1734 772 1813 repentina
794 1734 1004 1812 praecipitasset
1025 1750 1096 1810 ope;

417 1837 492 1898 Dum
513 1843 613 1897 minen
634 1835 683 1897 ilie
704 1835 802 1896 studet
822 1836 955 1895 vitiantes
977 1832 1081 1894 tollere
1103 1834 1232 1904 morbos,

488 1937 583 2008 Quam
605 1937 682 1998 volui
705 1937 827 1999 medica
849 1936 916 2015 plus
937 1925 1040 2019 abiere
1060 1954 1181 1996 manus:

417 2040 532 2118 Rumpe
554 2058 798 2111 moras,.venere
820 2039 883 2099 dies
904 2039 1072 2099 cunctarier
1094 2038 1170 2099 nitra

351 2161 388 2202 m
487 2140 543 2211 Qui
564 2141 725 2220 prohibent
745 2139 824 2203 salva
845 2139 931 2201 laude
953 2139 1069 2218 fideque
1091 2147 1156 2208 tua3
1226 2131 1230 2135 ’

418 2244 507 2304 Arma
529 2261 601 2322 cape
622 2243 828 2322 intrepidoque
849 2249 915 2303 tuas
937 2248 1019 2302 motu
1041 2259 1139 2302 assere
1161 2240 1271 2319 laudes.

489 2343 565 2414 Ouid
587 2353 671 2406 vorat
691 2346 835 2406 Ausonias
857 2342 986 2405 Gallicus
1008 2344 1101 2404 hostis
1123 2344 1212 2421 opes?

418 2445 527 2507 Omnia
543 2447 661 2508 victoris
683 2449 828 2508 mirantur
849 2453 970 2525 pectora
993 2445 1075 2517 Galli,

351 2567 388 2608 ne
486 2546 550 2608 Hoc
570 2555 603 2608 tu
626 2548 777 2610 materiam
798 2547 893 2609 landis
914 2547 951 2608 ab
973 2548 1059 2608 hoste
1080 2554 1157 2626 pete.

418 2648 519 2711 bloesta
540 2667 648 2727 precor
670 2651 853 2731 genibusque
874 2652 933 2711 tuis
954 2651 1102 2726 presentia
1124 2649 1213 2710 tendo

489 2751 628 2822 Brachia,
652 2752 795 2830 depuduit
815 2751 955 2831 supplicis
977 2769 1042 2812 esse
1064 2750 1140 2812 loco.
1206 2801 1213 2822 ,

419 2851 478 2914 Res
500 2860 549 2914 tua
570 2859 676 2914 cuncta
697 2853 789 2931 perit,
811 2854 935 2914 summis
956 2873 989 2914 se
1011 2853 1166 2914 admiscuit
1187 2855 1253 2924 ima,

355 2974 392 3015 rso
488 2955 590 3037 Vergit
610 2958 639 3017 in
661 2974 800 3019 occasum
821 2956 905 3035 siqua
926 2974 1065 3035 suprema
1086 2955 1156 3024 nne

422 3057 486 3132 Non
508 3059 614 3120 modus
636 3066 696 3130 est,
718 3076 779 3119 non
800 3059 916 3137 estqui
938 3057 1041 3119 debuit
1062 3057 1135 3118 ordo
1158 3066 1286 3126 tuorum,

491 3159 662 3221 Turbantur
683 3161 775 3221 mixto
797 3159 899 3238 fasque
920 3160 1062 3241 nefasque
1083 3160 1158 3222 loco.

421 3260 550 3323 [idonior
570 3262 673 3341 patriis
694 3261 821 3323 obnoxia
843 3262 918 3322 iacta
940 3264 1080 3342 tyrannis,

356 3382 392 3423 nr
489 3363 529 3426 Ut
548 3371 661 3426 taceam
684 3371 806 3425 externo
828 3363 966 3443 quicquid
989 3363 1026 3425 ab
1049 3364 1135 3424 hoste
1156 3364 1229 3426 fero.

421 3465 523 3527 Pastor
545 3467 619 3537 eris,
641 3466 772 3528 servabis
793 3483 876 3536 oves,
900 3465 1041 3545 purgabis
1062 3466 1146 3535 ovile,
1249 3543 1255 3549 .

492 3567 644 3629 Lustrabis
665 3587 731 3648 quae
752 3586 832 3629 nuno
852 3566 923 3628 illita
944 3568 1033 3629 sorde
1054 3569 1158 3630 iacent.

421 3668 487 3749 Ipsa
508 3668 709 3748 pusillanimes
728 3669 830 3731 Romae
851 3671 897 3730 ius
918 3669 1018 3731 dicere
1039 3670 1151 3731 scribas

356 3790 392 3832 res
490 3771 564 3832 (lum
585 3772 684 3842 rideo,
707 3780 737 3833 et
758 3770 839 3833 nullo
861 3779 984 3852 pectore
1004 3771 1108 3849 tulgus
1130 3774 1219 3843 iners,

422 3872 537 3953 Quique
557 3874 727 3936 sacerdotes
747 3872 832 3935 titulo
853 3881 939 3935 tenus
961 3876 1019 3934 otia
1041 3874 1161 3945 ducunt,

493 3975 608 4055 Quique
629 3974 735 4038 bibunt
755 3994 873 4054 semper
895 3974 1035 4054 plurima,
1059 3978 1167 4056 quique
1188 3986 1300 4049 vorant,

421 4076 643 4157 Molliculosque
663 4077 799 4139 homines
821 4085 851 4139 et
871 4078 957 4139 inerti
978 4078 1068 4139 corde
1089 4081 1221 4159 supinos,
1458 4065 1496 4124 Ψ

355 4197 393 4239 m
491 4173 607 4260 Quique
628 4179 669 4243 ibi
689 4187 759 4241 sunt
780 4197 907 4259 quorum
929 4182 1004 4243 iacta
1026 4182 1140 4243 referre
1162 4183 1268 4260 pudet:

421 4281 459 4344 Et
478 4282 574 4362 pudet
591 4288 621 4343 et
641 4282 754 4353 dicam,
776 4282 909 4360 patbicos
930 4301 1056 4363 regnare
1078 4284 1214 4364 cynaedos

494 4384 568 4446 (lum
589 4385 688 4456 rideo,
710 4384 836 4447 Romam
858 4392 929 4447 tunc
951 4387 1044 4463 pudet
1066 4404 1130 4447 esse
1151 4405 1257 4448 meam.

337 4724 371 4761 ¹⁸⁸
387 4725 485 4793 cupies
497 4726 562 4778 3..5.
620 4722 897 4776 mundanensis
955 4725 988 4758 ¹⁸⁹
1006 4727 1146 4777 uiciantos
1160 4730 1184 4777 1.
1237 4727 1270 4761 ¹²⁸
1288 4730 1475 4795 indomitoque
1490 4730 1563 4781 3...5.
1649 4786 1652 4792 ,

268 4809 303 4847 ‘⁵
318 4813 443 4864 uictores
454 4812 482 4864 2.
558 4809 593 4845 Μ
608 4807 751 4876 presentis
761 4813 788 4860 2.
824 4811 1003 4862 tendsm1.2.
1074 4809 1105 4843 ¹⁸¹
1129 4813 1260 4880 quidquid
1273 4819 1298 4865 5.
1335 4812 1404 4881 iero]
1423 4815 1564 4867 taliam&

268 4896 303 4932 ¹⁸¹
320 4898 414 4964 que&
483 4894 635 4949 Μαίη.
670 4897 829 4947 omninum.
884 4896 916 4930 ¹⁹²
935 4897 985 4964 ibi]
1004 4899 1051 4949 ubi
1064 4903 1088 4948 5.
1168 4899 1200 4932 ¹⁰⁸
1217 4902 1332 4953 Peticos
1351 4905 1375 4952 1.
1416 4903 1564 4967 peticos2.

269 4979 471 5049 mna
506 4982 667 5049 maus.
