<?xml version="1.0" encoding="UTF-8"?>
<!DOCTYPE html PUBLIC "-//W3C//DTD XHTML 1.0 Transitional//EN"
    "http://www.w3.org/TR/xhtml1/DTD/xhtml1-transitional.dtd">
<html xmlns="http://www.w3.org/1999/xhtml" xml:lang="en" lang="en">
 <head>
  <title>
</title>
<meta http-equiv="Content-Type" content="text/html;charset=utf-8" />
  <meta name='ocr-system' content='tesseract 3.04.00' />
  <meta name='ocr-capabilities' content='ocr_page ocr_carea ocr_par ocr_line ocrx_word'/>
</head>
<body>
  <div class='ocr_page' id='page_1' title='image "./ulrichihuttenie07huttgoog_0254.png"; bbox 0 0 3917 5950; ppageno 0'>
   <div class='ocr_carea' id='block_1_1' title="bbox 415 614 1493 688">
    <p class='ocr_par' dir='ltr' id='par_1_1' title="bbox 415 614 1493 688">
     <span class='ocr_line' id='line_1_1' title="bbox 415 614 1493 688; baseline -0.007 -4"><span class='ocrx_word' id='word_1_1' title='bbox 415 614 484 688; x_wconf 76' lang='lat' dir='ltr'>l2l</span> <span class='ocrx_word' id='word_1_2' title='bbox 618 626 782 682; x_wconf 77' lang='lat' dir='ltr'>xxxxvll.</span> <span class='ocrx_word' id='word_1_3' title='bbox 808 642 931 677; x_wconf 73' lang='lat' dir='ltr'>urrann</span> <span class='ocrx_word' id='word_1_4' title='bbox 944 641 981 676; x_wconf 79' lang='lat' dir='ltr'>an</span> <span class='ocrx_word' id='word_1_5' title='bbox 994 642 1070 676; x_wconf 83' lang='lat' dir='ltr'>arca.</span> <span class='ocrx_word' id='word_1_6' title='bbox 1085 641 1196 677; x_wconf 80' lang='lat' dir='ltr'>cnoevrc</span> <span class='ocrx_word' id='word_1_7' title='bbox 1208 641 1251 675; x_wconf 84' lang='lat' dir='ltr'>rrr.</span> <span class='ocrx_word' id='word_1_8' title='bbox 1276 642 1303 675; x_wconf 89' lang='lat' dir='ltr'>n.</span> <span class='ocrx_word' id='word_1_9' title='bbox 1318 635 1339 675; x_wconf 83' lang='lat' dir='ltr'>o,</span> <span class='ocrx_word' id='word_1_10' title='bbox 1352 640 1418 678; x_wconf 74' lang='lat' dir='ltr'>arc.</span> <span class='ocrx_word' id='word_1_11' title='bbox 1433 635 1493 676; x_wconf 75' lang='lat' dir='ltr'>tato.</span> 
     </span>
    </p>
   </div>
   <div class='ocr_carea' id='block_1_2' title="bbox 350 795 1763 2306">
    <p class='ocr_par' dir='ltr' id='par_1_2' title="bbox 353 795 1704 1085">
     <span class='ocr_line' id='line_1_2' title="bbox 411 795 1703 882; baseline -0.005 -17"><span class='ocrx_word' id='word_1_12' title='bbox 411 805 528 882; x_wconf 88' lang='lat' dir='ltr'>Lipsam</span> <span class='ocrx_word' id='word_1_13' title='bbox 549 802 618 863; x_wconf 94' lang='lat' dir='ltr'>ituri</span> <span class='ocrx_word' id='word_1_14' title='bbox 639 818 704 860; x_wconf 88' lang='lat' dir='ltr'>sese</span> <span class='ocrx_word' id='word_1_15' title='bbox 725 800 881 867; x_wconf 88' lang='lat' dir='ltr'>ollerrent,</span> <span class='ocrx_word' id='word_1_16' title='bbox 914 797 1027 875; x_wconf 79' lang='lat' dir='ltr'><strong>fuitque</strong></span> <span class='ocrx_word' id='word_1_17' title='bbox 1048 795 1119 858; x_wconf 91' lang='lat' dir='ltr'>illud</span> <span class='ocrx_word' id='word_1_18' title='bbox 1142 798 1172 857; x_wconf 91' lang='lat' dir='ltr'>in</span> <span class='ocrx_word' id='word_1_19' title='bbox 1194 816 1297 867; x_wconf 85' lang='lat' dir='ltr'>causa,</span> <span class='ocrx_word' id='word_1_20' title='bbox 1329 804 1378 868; x_wconf 90' lang='lat' dir='ltr'>ut,</span> <span class='ocrx_word' id='word_1_21' title='bbox 1412 815 1504 877; x_wconf 65' lang='lat' dir='ltr'>mum</span> <span class='ocrx_word' id='word_1_22' title='bbox 1525 798 1632 877; x_wconf 86' lang='lat' dir='ltr'>longos</span> <span class='ocrx_word' id='word_1_23' title='bbox 1653 799 1703 858; x_wconf 90' lang='lat' dir='ltr'>tibi</span> 
     </span>
     <span class='ocr_line' id='line_1_3' title="bbox 355 898 1702 977; baseline -0.007 -8"><span class='ocrx_word' id='word_1_24' title='bbox 355 906 636 975; x_wconf 67' lang='lat' dir='ltr'>§.acommemarios</span> <span class='ocrx_word' id='word_1_25' title='bbox 657 911 758 962; x_wconf 81' lang='lat' dir='ltr'>terere</span> <span class='ocrx_word' id='word_1_26' title='bbox 779 898 896 969; x_wconf 80' lang='lat' dir='ltr'>sellem,</span> <span class='ocrx_word' id='word_1_27' title='bbox 927 901 973 958; x_wconf 81' lang='lat' dir='ltr'>rix</span> <span class='ocrx_word' id='word_1_28' title='bbox 996 898 1116 960; x_wconf 82' lang='lat' dir='ltr'>brevem</span> <span class='ocrx_word' id='word_1_29' title='bbox 1138 899 1213 959; x_wconf 83' lang='lat' dir='ltr'>baua</span> <span class='ocrx_word' id='word_1_30' title='bbox 1236 898 1388 977; x_wconf 86' lang='lat' dir='ltr'>epistolam</span> <span class='ocrx_word' id='word_1_31' title='bbox 1418 900 1592 961; x_wconf 88' lang='lat' dir='ltr'>celerarcm.</span> <span class='ocrx_word' id='word_1_32' title='bbox 1636 901 1702 960; x_wconf 87' lang='lat' dir='ltr'>Cer·</span> 
     </span>
     <span class='ocr_line' id='line_1_4' title="bbox 353 982 1704 1085; baseline -0.005 -16"><span class='ocrx_word' id='word_1_33' title='bbox 353 1017 357 1023; x_wconf 88' lang='lat'>&#39;</span> <span class='ocrx_word' id='word_1_34' title='bbox 409 1018 471 1070; x_wconf 89' lang='lat' dir='ltr'>tum</span> <span class='ocrx_word' id='word_1_35' title='bbox 494 1010 583 1085; x_wconf 82' lang='lat' dir='ltr'>igitur</span> <span class='ocrx_word' id='word_1_36' title='bbox 605 1004 693 1072; x_wconf 89' lang='lat' dir='ltr'>habe,</span> <span class='ocrx_word' id='word_1_37' title='bbox 717 1003 890 1063; x_wconf 82' lang='lat' dir='ltr'>amicissime</span> <span class='ocrx_word' id='word_1_38' title='bbox 913 1001 1019 1071; x_wconf 88' lang='lat' dir='ltr'>Crocc,</span> <span class='ocrx_word' id='word_1_39' title='bbox 1044 982 1234 1079; x_wconf 68' lang='lat' dir='ltr'>eorumque</span> <span class='ocrx_word' id='word_1_40' title='bbox 1255 1002 1388 1081; x_wconf 83' lang='lat' dir='ltr'>inprimis</span> <span class='ocrx_word' id='word_1_41' title='bbox 1410 1011 1497 1080; x_wconf 86' lang='lat' dir='ltr'>opto,</span> <span class='ocrx_word' id='word_1_42' title='bbox 1525 1021 1619 1064; x_wconf 91' lang='lat' dir='ltr'>unum</span> <span class='ocrx_word' id='word_1_43' title='bbox 1642 1021 1704 1063; x_wconf 86' lang='lat' dir='ltr'>esse</span> 
     </span>
    </p>

    <p class='ocr_par' dir='ltr' id='par_1_3' title="bbox 409 1104 1703 1185">
     <span class='ocr_line' id='line_1_5' title="bbox 409 1104 1703 1185; baseline -0.004 -16"><span class='ocrx_word' id='word_1_44' title='bbox 409 1110 480 1178; x_wconf 90' lang='lat' dir='ltr'>hoe,</span> <span class='ocrx_word' id='word_1_45' title='bbox 509 1117 541 1168; x_wconf 90' lang='lat' dir='ltr'>ut</span> <span class='ocrx_word' id='word_1_46' title='bbox 562 1116 595 1166; x_wconf 93' lang='lat' dir='ltr'>tu</span> <span class='ocrx_word' id='word_1_47' title='bbox 617 1124 705 1185; x_wconf 93' lang='lat' dir='ltr'>quam</span> <span class='ocrx_word' id='word_1_48' title='bbox 727 1104 893 1165; x_wconf 77' lang='lat' dir='ltr'>felicissime</span> <span class='ocrx_word' id='word_1_49' title='bbox 915 1121 984 1180; x_wconf 77' lang='lat' dir='ltr'>agas</span> <span class='ocrx_word' id='word_1_50' title='bbox 1006 1111 1093 1181; x_wconf 88' lang='lat' dir='ltr'>atquc</span> <span class='ocrx_word' id='word_1_51' title='bbox 1115 1104 1140 1163; x_wconf 94' lang='lat' dir='ltr'>is</span> <span class='ocrx_word' id='word_1_52' title='bbox 1162 1105 1210 1163; x_wconf 90' lang='lat' dir='ltr'>cui</span> <span class='ocrx_word' id='word_1_53' title='bbox 1231 1111 1279 1169; x_wconf 91' lang='lat' dir='ltr'>tu.</span> <span class='ocrx_word' id='word_1_54' title='bbox 1307 1104 1353 1164; x_wconf 89' lang='lat' dir='ltr'>his</span> <span class='ocrx_word' id='word_1_55' title='bbox 1374 1104 1521 1174; x_wconf 91' lang='lat' dir='ltr'>moribus,</span> <span class='ocrx_word' id='word_1_56' title='bbox 1552 1104 1609 1164; x_wconf 88' lang='lat' dir='ltr'>hac</span> <span class='ocrx_word' id='word_1_57' title='bbox 1638 1123 1703 1164; x_wconf 90' lang='lat' dir='ltr'>eru-</span> 
     </span>
    </p>

    <p class='ocr_par' dir='ltr' id='par_1_4' title="bbox 350 1205 1763 2306">
     <span class='ocr_line' id='line_1_6' title="bbox 409 1205 1723 1285; baseline -0.005 -15"><span class='ocrx_word' id='word_1_58' title='bbox 409 1211 518 1271; x_wconf 88' lang='lat' dir='ltr'>ditione</span> <span class='ocrx_word' id='word_1_59' title='bbox 540 1210 643 1277; x_wconf 79' lang='lat' dir='ltr'>boario,</span> <span class='ocrx_word' id='word_1_60' title='bbox 674 1207 824 1284; x_wconf 83' lang='lat' dir='ltr'>displices.</span> <span class='ocrx_word' id='word_1_61' title='bbox 854 1213 967 1266; x_wconf 90' lang='lat' dir='ltr'>tautum</span> <span class='ocrx_word' id='word_1_62' title='bbox 989 1205 1026 1266; x_wconf 91' lang='lat' dir='ltr'>ab</span> <span class='ocrx_word' id='word_1_63' title='bbox 1050 1207 1129 1265; x_wconf 86' lang='lat' dir='ltr'>omui</span> <span class='ocrx_word' id='word_1_64' title='bbox 1151 1205 1287 1267; x_wconf 78' lang='lat' dir='ltr'>felicitate</span> <span class='ocrx_word' id='word_1_65' title='bbox 1308 1205 1399 1275; x_wconf 87' lang='lat' dir='ltr'>absit,</span> <span class='ocrx_word' id='word_1_66' title='bbox 1431 1213 1575 1285; x_wconf 90' lang='lat' dir='ltr'>quantum</span> <span class='ocrx_word' id='word_1_67' title='bbox 1597 1213 1627 1266; x_wconf 90' lang='lat' dir='ltr'>te</span> <span class='ocrx_word' id='word_1_68' title='bbox 1651 1221 1723 1284; x_wconf 71' lang='lat' dir='ltr'>egos</span> 
     </span>
     <span class='ocr_line' id='line_1_7' title="bbox 350 1300 1763 1386; baseline -0.002 -15"><span class='ocrx_word' id='word_1_69' title='bbox 350 1329 396 1379; x_wconf 72' lang='lat' dir='ltr'>§.a</span> <span class='ocrx_word' id='word_1_70' title='bbox 409 1314 445 1373; x_wconf 92' lang='lat' dir='ltr'>ab</span> <span class='ocrx_word' id='word_1_71' title='bbox 468 1314 548 1372; x_wconf 93' lang='lat' dir='ltr'>omni</span> <span class='ocrx_word' id='word_1_72' title='bbox 570 1308 758 1370; x_wconf 90' lang='lat' dir='ltr'>incommodo</span> <span class='ocrx_word' id='word_1_73' title='bbox 780 1309 854 1367; x_wconf 82' lang='lat' dir='ltr'>rotis</span> <span class='ocrx_word' id='word_1_74' title='bbox 876 1307 1013 1367; x_wconf 88' lang='lat' dir='ltr'>omuilms</span> <span class='ocrx_word' id='word_1_75' title='bbox 1035 1306 1138 1368; x_wconf 88' lang='lat' dir='ltr'>abesse</span> <span class='ocrx_word' id='word_1_76' title='bbox 1161 1309 1257 1385; x_wconf 91' lang='lat' dir='ltr'>cupio.</span> <span class='ocrx_word' id='word_1_77' title='bbox 1294 1307 1458 1369; x_wconf 77' lang='lat' dir='ltr'>Narrantur</span> <span class='ocrx_word' id='word_1_78' title='bbox 1478 1309 1551 1369; x_wconf 84' lang='lat' dir='ltr'>milri</span> <span class='ocrx_word' id='word_1_79' title='bbox 1575 1307 1703 1386; x_wconf 70' lang='lat' dir='ltr'>epistolae</span> <span class='ocrx_word' id='word_1_80' title='bbox 1760 1300 1763 1305; x_wconf 71' lang='grc'><strong>’</strong></span> 
     </span>
     <span class='ocr_line' id='line_1_8' title="bbox 408 1409 1703 1497; baseline -0.003 -22"><span class='ocrx_word' id='word_1_81' title='bbox 408 1415 603 1475; x_wconf 88' lang='lat' dir='ltr'>obscuromm</span> <span class='ocrx_word' id='word_1_82' title='bbox 628 1413 756 1472; x_wconf 82' lang='lat' dir='ltr'>virorum</span> <span class='ocrx_word' id='word_1_83' title='bbox 779 1417 839 1470; x_wconf 86' lang='lat' dir='ltr'>iota</span> <span class='ocrx_word' id='word_1_84' title='bbox 861 1409 1017 1470; x_wconf 73' lang='lat' dir='ltr'>Germania</span> <span class='ocrx_word' id='word_1_85' title='bbox 1041 1410 1198 1488; x_wconf 77' lang='lat' dir='ltr'>divulgari,</span> <span class='ocrx_word' id='word_1_86' title='bbox 1227 1417 1256 1470; x_wconf 91' lang='lat' dir='ltr'>et</span> <span class='ocrx_word' id='word_1_87' title='bbox 1277 1410 1355 1488; x_wconf 92' lang='lat' dir='ltr'>apud</span> <span class='ocrx_word' id='word_1_88' title='bbox 1377 1429 1429 1469; x_wconf 84' lang='lat' dir='ltr'>ros</span> <span class='ocrx_word' id='word_1_89' title='bbox 1455 1429 1585 1497; x_wconf 33' lang='lat' dir='ltr'>quoque·</span> <span class='ocrx_word' id='word_1_90' title='bbox 1602 1411 1703 1471; x_wconf 88' lang='lat' dir='ltr'>baberi</span> 
     </span>
     <span class='ocr_line' id='line_1_9' title="bbox 407 1512 1703 1597; baseline -0.004 -21"><span class='ocrx_word' id='word_1_91' title='bbox 407 1518 437 1576; x_wconf 92' lang='lat' dir='ltr'>iu</span> <span class='ocrx_word' id='word_1_92' title='bbox 460 1514 595 1575; x_wconf 89' lang='lat' dir='ltr'>manibus</span> <span class='ocrx_word' id='word_1_93' title='bbox 617 1512 731 1591; x_wconf 78' lang='lat' dir='ltr'>gaudeo</span> <span class='ocrx_word' id='word_1_94' title='bbox 754 1512 873 1580; x_wconf 89' lang='lat' dir='ltr'>absens,</span> <span class='ocrx_word' id='word_1_95' title='bbox 897 1529 955 1571; x_wconf 87' lang='lat' dir='ltr'>rum</span> <span class='ocrx_word' id='word_1_96' title='bbox 978 1512 1095 1572; x_wconf 78' lang='lat' dir='ltr'>nescius</span> <span class='ocrx_word' id='word_1_97' title='bbox 1116 1514 1227 1573; x_wconf 91' lang='lat' dir='ltr'>interea</span> <span class='ocrx_word' id='word_1_98' title='bbox 1246 1530 1335 1597; x_wconf 90' lang='lat' dir='ltr'>quam</span> <span class='ocrx_word' id='word_1_99' title='bbox 1349 1513 1434 1583; x_wconf 88' lang='lat' dir='ltr'>isthic</span> <span class='ocrx_word' id='word_1_100' title='bbox 1448 1531 1500 1572; x_wconf 83' lang='lat' dir='ltr'>ros</span> <span class='ocrx_word' id='word_1_101' title='bbox 1515 1513 1703 1591; x_wconf 86' lang='lat' dir='ltr'>triumphetis</span> 
     </span>
     <span class='ocr_line' id='line_1_10' title="bbox 408 1613 1703 1696; baseline -0.003 -20"><span class='ocrx_word' id='word_1_102' title='bbox 408 1621 567 1696; x_wconf 76' lang='lat' dir='ltr'>praesentes</span> <span class='ocrx_word' id='word_1_103' title='bbox 590 1614 649 1683; x_wconf 91' lang='lat' dir='ltr'>bis,</span> <span class='ocrx_word' id='word_1_104' title='bbox 673 1613 780 1691; x_wconf 91' lang='lat' dir='ltr'>quibus</span> <span class='ocrx_word' id='word_1_105' title='bbox 802 1622 1026 1673; x_wconf 71' lang='lat' dir='ltr'>monumentum</span> <span class='ocrx_word' id='word_1_106' title='bbox 1049 1613 1106 1673; x_wconf 91' lang='lat' dir='ltr'>boc</span> <span class='ocrx_word' id='word_1_107' title='bbox 1126 1615 1175 1684; x_wconf 84' lang='lat' dir='ltr'>fit,</span> <span class='ocrx_word' id='word_1_108' title='bbox 1204 1613 1378 1674; x_wconf 86' lang='lat' dir='ltr'>insultando.</span> <span class='ocrx_word' id='word_1_109' title='bbox 1423 1632 1477 1691; x_wconf 73' lang='lat' dir='ltr'>age</span> <span class='ocrx_word' id='word_1_110' title='bbox 1500 1615 1604 1691; x_wconf 84' lang='lat' dir='ltr'>igitur,</span> <span class='ocrx_word' id='word_1_111' title='bbox 1633 1613 1703 1673; x_wconf 92' lang='lat' dir='ltr'>nibil</span> 
     </span>
     <span class='ocr_line' id='line_1_11' title="bbox 407 1715 1733 1794; baseline -0.002 -16"><span class='ocrx_word' id='word_1_112' title='bbox 407 1719 566 1778; x_wconf 88' lang='lat' dir='ltr'>intermitte</span> <span class='ocrx_word' id='word_1_113' title='bbox 589 1715 666 1794; x_wconf 92' lang='lat' dir='ltr'>quod</span> <span class='ocrx_word' id='word_1_114' title='bbox 690 1715 808 1794; x_wconf 90' lang='lat' dir='ltr'>quidem</span> <span class='ocrx_word' id='word_1_115' title='bbox 824 1715 993 1775; x_wconf 80' lang='lat' dir='ltr'>divexandis</span> <span class='ocrx_word' id='word_1_116' title='bbox 1009 1717 1142 1792; x_wconf 78' lang='lat' dir='ltr'>pessimis</span> <span class='ocrx_word' id='word_1_117' title='bbox 1157 1715 1326 1777; x_wconf 89' lang='lat' dir='ltr'>bominibus</span> <span class='ocrx_word' id='word_1_118' title='bbox 1339 1734 1485 1794; x_wconf 85' lang='lat' dir='ltr'>usurpare</span> <span class='ocrx_word' id='word_1_119' title='bbox 1500 1718 1613 1794; x_wconf 88' lang='lat' dir='ltr'>possis:</span> <span class='ocrx_word' id='word_1_120' title='bbox 1636 1715 1702 1775; x_wconf 90' lang='lat' dir='ltr'>bar·</span> <span class='ocrx_word' id='word_1_121' title='bbox 1712 1729 1733 1768; x_wconf 86' lang='lat'>1⁰</span> 
     </span>
     <span class='ocr_line' id='line_1_12' title="bbox 351 1816 1702 1896; baseline -0.004 -13"><span class='ocrx_word' id='word_1_122' title='bbox 351 1820 480 1883; x_wconf 72' lang='lat' dir='ltr'>§.abaco</span> <span class='ocrx_word' id='word_1_123' title='bbox 503 1818 636 1879; x_wconf 87' lang='lat' dir='ltr'>ridentur</span> <span class='ocrx_word' id='word_1_124' title='bbox 658 1816 791 1877; x_wconf 88' lang='lat' dir='ltr'>barbari:</span> <span class='ocrx_word' id='word_1_125' title='bbox 815 1835 904 1895; x_wconf 89' lang='lat' dir='ltr'>quam</span> <span class='ocrx_word' id='word_1_126' title='bbox 926 1816 983 1876; x_wconf 82' lang='lat' dir='ltr'>boe</span> <span class='ocrx_word' id='word_1_127' title='bbox 1006 1816 1082 1879; x_wconf 87' lang='lat' dir='ltr'>bene</span> <span class='ocrx_word' id='word_1_128' title='bbox 1105 1819 1243 1887; x_wconf 88' lang='lat' dir='ltr'>cesserit,</span> <span class='ocrx_word' id='word_1_129' title='bbox 1271 1817 1406 1896; x_wconf 79' lang='lat' dir='ltr'>probavit</span> <span class='ocrx_word' id='word_1_130' title='bbox 1426 1818 1586 1885; x_wconf 88' lang='lat' dir='ltr'>Erasmus,</span> <span class='ocrx_word' id='word_1_131' title='bbox 1615 1818 1702 1896; x_wconf 78' lang='lat' dir='ltr'>aptis</span> 
     </span>
     <span class='ocr_line' id='line_1_13' title="bbox 407 1919 1701 1997; baseline -0.001 -16"><span class='ocrx_word' id='word_1_132' title='bbox 407 1922 510 1982; x_wconf 88' lang='lat' dir='ltr'>simam</span> <span class='ocrx_word' id='word_1_133' title='bbox 534 1920 650 1979; x_wconf 91' lang='lat' dir='ltr'>taudem</span> <span class='ocrx_word' id='word_1_134' title='bbox 673 1919 746 1977; x_wconf 79' lang='lat' dir='ltr'>viam</span> <span class='ocrx_word' id='word_1_135' title='bbox 769 1923 826 1996; x_wconf 85' lang='lat' dir='ltr'>qua</span> <span class='ocrx_word' id='word_1_136' title='bbox 848 1920 1031 1996; x_wconf 83' lang='lat' dir='ltr'>exagitentur</span> <span class='ocrx_word' id='word_1_137' title='bbox 1046 1919 1173 1997; x_wconf 82' lang='lat' dir='ltr'>improbi</span> <span class='ocrx_word' id='word_1_138' title='bbox 1188 1921 1340 1997; x_wconf 84' lang='lat' dir='ltr'>sopbisiae,</span> <span class='ocrx_word' id='word_1_139' title='bbox 1363 1922 1510 1981; x_wconf 79' lang='lat' dir='ltr'>inventam</span> <span class='ocrx_word' id='word_1_140' title='bbox 1527 1920 1701 1990; x_wconf 89' lang='lat' dir='ltr'>arbitratus;</span> 
     </span>
     <span class='ocr_line' id='line_1_14' title="bbox 407 2019 1702 2099; baseline 0 -17"><span class='ocrx_word' id='word_1_141' title='bbox 407 2024 458 2084; x_wconf 92' lang='lat' dir='ltr'>sed</span> <span class='ocrx_word' id='word_1_142' title='bbox 482 2023 568 2091; x_wconf 83' lang='lat' dir='ltr'>uiilri,</span> <span class='ocrx_word' id='word_1_143' title='bbox 592 2022 641 2099; x_wconf 91' lang='lat' dir='ltr'>qui</span> <span class='ocrx_word' id='word_1_144' title='bbox 663 2021 725 2081; x_wconf 76' lang='lat' dir='ltr'>haec</span> <span class='ocrx_word' id='word_1_145' title='bbox 749 2019 851 2089; x_wconf 89' lang='lat' dir='ltr'>audio,</span> <span class='ocrx_word' id='word_1_146' title='bbox 874 2020 973 2080; x_wconf 83' lang='lat' dir='ltr'>ridere</span> <span class='ocrx_word' id='word_1_147' title='bbox 995 2038 1055 2079; x_wconf 93' lang='lat' dir='ltr'>non</span> <span class='ocrx_word' id='word_1_148' title='bbox 1077 2019 1160 2081; x_wconf 87' lang='lat' dir='ltr'>licei:</span> <span class='ocrx_word' id='word_1_149' title='bbox 1184 2021 1315 2082; x_wconf 88' lang='lat' dir='ltr'>nondum</span> <span class='ocrx_word' id='word_1_150' title='bbox 1337 2023 1415 2082; x_wconf 88' lang='lat' dir='ltr'>euim</span> <span class='ocrx_word' id='word_1_151' title='bbox 1436 2021 1473 2082; x_wconf 92' lang='lat' dir='ltr'>ad</span> <span class='ocrx_word' id='word_1_152' title='bbox 1496 2022 1599 2083; x_wconf 90' lang='lat' dir='ltr'>oculos</span> <span class='ocrx_word' id='word_1_153' title='bbox 1621 2041 1702 2082; x_wconf 90' lang='lat' dir='ltr'>meos</span> 
     </span>
     <span class='ocr_line' id='line_1_15' title="bbox 407 2111 1701 2204; baseline -0.002 -18"><span class='ocrx_word' id='word_1_154' title='bbox 407 2122 606 2204; x_wconf 87' lang='lat' dir='ltr'>pervc&#39;nerunt</span> <span class='ocrx_word' id='word_1_155' title='bbox 626 2123 686 2191; x_wconf 90' lang='lat' dir='ltr'>isti,</span> <span class='ocrx_word' id='word_1_156' title='bbox 710 2111 810 2200; x_wconf 84' lang='lat' dir='ltr'>quiqui</span> <span class='ocrx_word' id='word_1_157' title='bbox 833 2130 916 2191; x_wconf 85' lang='lat' dir='ltr'>sunt,</span> <span class='ocrx_word' id='word_1_158' title='bbox 946 2122 1064 2183; x_wconf 80' lang='lat' dir='ltr'>obscuri</span> <span class='ocrx_word' id='word_1_159' title='bbox 1087 2125 1153 2192; x_wconf 79' lang='lat' dir='ltr'>riri:</span> <span class='ocrx_word' id='word_1_160' title='bbox 1182 2131 1263 2184; x_wconf 85' lang='lat' dir='ltr'>reete</span> <span class='ocrx_word' id='word_1_161' title='bbox 1285 2123 1418 2192; x_wconf 83' lang='lat' dir='ltr'>obscuri,</span> <span class='ocrx_word' id='word_1_162' title='bbox 1447 2141 1507 2184; x_wconf 89' lang='lat' dir='ltr'>uon</span> <span class='ocrx_word' id='word_1_163' title='bbox 1530 2142 1547 2183; x_wconf 92' lang='lat' dir='ltr'>a</span> <span class='ocrx_word' id='word_1_164' title='bbox 1569 2142 1618 2185; x_wconf 89' lang='lat' dir='ltr'>me</span> <span class='ocrx_word' id='word_1_165' title='bbox 1639 2131 1701 2184; x_wconf 90' lang='lat' dir='ltr'>tan-</span> 
     </span>
     <span class='ocr_line' id='line_1_16' title="bbox 407 2224 1731 2306; baseline -0.001 -19"><span class='ocrx_word' id='word_1_166' title='bbox 407 2237 479 2287; x_wconf 89' lang='lat' dir='ltr'>tum.</span> <span class='ocrx_word' id='word_1_167' title='bbox 524 2228 647 2286; x_wconf 80' lang='lat' dir='ltr'>Gratum</span> <span class='ocrx_word' id='word_1_168' title='bbox 669 2226 758 2303; x_wconf 77' lang='lat' dir='ltr'>igitur</span> <span class='ocrx_word' id='word_1_169' title='bbox 781 2225 900 2293; x_wconf 63' lang='lat' dir='ltr'>broeris,</span> <span class='ocrx_word' id='word_1_170' title='bbox 937 2224 1025 2302; x_wconf 75' lang='lat' dir='ltr'>(quod</span> <span class='ocrx_word' id='word_1_171' title='bbox 1048 2232 1163 2302; x_wconf 80' lang='lat' dir='ltr'>gratum</span> <span class='ocrx_word' id='word_1_172' title='bbox 1187 2225 1263 2294; x_wconf 75' lang='lat' dir='ltr'>elixi,</span> <span class='ocrx_word' id='word_1_173' title='bbox 1287 2233 1316 2285; x_wconf 91' lang='lat' dir='ltr'>et</span> <span class='ocrx_word' id='word_1_174' title='bbox 1338 2226 1536 2302; x_wconf 76' lang='lat' dir='ltr'>gratissimum</span> <span class='ocrx_word' id='word_1_175' title='bbox 1560 2225 1697 2306; x_wconf 78' lang='lat' dir='ltr'>inquam)</span> <span class='ocrx_word' id='word_1_176' title='bbox 1710 2237 1731 2278; x_wconf 82' lang='lat'>1⁵</span> 
     </span>
    </p>
   </div>
   <div class='ocr_carea' id='block_1_3' title="bbox 260 2324 1701 2403">
    <p class='ocr_par' dir='ltr' id='par_1_5' title="bbox 260 2324 1701 2403">
     <span class='ocr_line' id='line_1_17' title="bbox 260 2324 1701 2403; baseline -0.001 -14"><span class='ocrx_word' id='word_1_177' title='bbox 260 2392 265 2397; x_wconf 73' lang='grc'><strong>,</strong></span> <span class='ocrx_word' id='word_1_178' title='bbox 351 2344 396 2395; x_wconf 75' lang='lat' dir='ltr'>§.a</span> <span class='ocrx_word' id='word_1_179' title='bbox 406 2330 430 2389; x_wconf 91' lang='lat' dir='ltr'>si</span> <span class='ocrx_word' id='word_1_180' title='bbox 453 2337 482 2388; x_wconf 89' lang='lat' dir='ltr'>te</span> <span class='ocrx_word' id='word_1_181' title='bbox 504 2330 636 2387; x_wconf 72' lang='lat' dir='ltr'>mittente</span> <span class='ocrx_word' id='word_1_182' title='bbox 659 2324 808 2403; x_wconf 82' lang='lat' dir='ltr'>exemplar</span> <span class='ocrx_word' id='word_1_183' title='bbox 830 2344 982 2403; x_wconf 87' lang='lat' dir='ltr'>accepero.</span> <span class='ocrx_word' id='word_1_184' title='bbox 1012 2325 1137 2391; x_wconf 73' lang='lat' dir='ltr'>&#39;Novem</span> <span class='ocrx_word' id='word_1_185' title='bbox 1160 2345 1277 2387; x_wconf 90' lang='lat' dir='ltr'>menses</span> <span class='ocrx_word' id='word_1_186' title='bbox 1299 2327 1356 2387; x_wconf 91' lang='lat' dir='ltr'>iam</span> <span class='ocrx_word' id='word_1_187' title='bbox 1377 2327 1407 2386; x_wconf 91' lang='lat' dir='ltr'>in</span> <span class='ocrx_word' id='word_1_188' title='bbox 1429 2325 1511 2387; x_wconf 90' lang='lat' dir='ltr'>ltalia</span> <span class='ocrx_word' id='word_1_189' title='bbox 1532 2346 1615 2397; x_wconf 90' lang='lat' dir='ltr'>sum,</span> <span class='ocrx_word' id='word_1_190' title='bbox 1647 2346 1701 2388; x_wconf 89' lang='lat' dir='ltr'>nee</span> 
     </span>
    </p>
   </div>
   <div class='ocr_carea' id='block_1_4' title="bbox 335 2426 1732 4154">
    <p class='ocr_par' dir='ltr' id='par_1_6' title="bbox 335 2426 1732 4154">
     <span class='ocr_line' id='line_1_18' title="bbox 406 2426 1700 2507; baseline -0.001 -18"><span class='ocrx_word' id='word_1_191' title='bbox 406 2431 503 2491; x_wconf 88' lang='lat' dir='ltr'>adhue</span> <span class='ocrx_word' id='word_1_192' title='bbox 525 2427 647 2489; x_wconf 89' lang='lat' dir='ltr'>alicuius</span> <span class='ocrx_word' id='word_1_193' title='bbox 669 2427 773 2488; x_wconf 89' lang='lat' dir='ltr'>literati</span> <span class='ocrx_word' id='word_1_194' title='bbox 796 2428 881 2487; x_wconf 89' lang='lat' dir='ltr'>amici</span> <span class='ocrx_word' id='word_1_195' title='bbox 909 2446 945 2487; x_wconf 84' lang='lat' dir='ltr'>ex</span> <span class='ocrx_word' id='word_1_196' title='bbox 973 2427 1129 2487; x_wconf 81' lang='lat' dir='ltr'>Germania</span> <span class='ocrx_word' id='word_1_197' title='bbox 1157 2426 1309 2506; x_wconf 90' lang='lat' dir='ltr'>epistolam</span> <span class='ocrx_word' id='word_1_198' title='bbox 1338 2429 1453 2506; x_wconf 89' lang='lat' dir='ltr'>accepi,</span> <span class='ocrx_word' id='word_1_199' title='bbox 1486 2447 1547 2489; x_wconf 89' lang='lat' dir='ltr'>uno</span> <span class='ocrx_word' id='word_1_200' title='bbox 1579 2437 1700 2507; x_wconf 79' lang='lat' dir='ltr'>excepto</span> 
     </span>
     <span class='ocr_line' id='line_1_19' title="bbox 406 2527 1701 2607; baseline -0.001 -15"><span class='ocrx_word' id='word_1_201' title='bbox 406 2531 574 2592; x_wconf 85' lang='lat' dir='ltr'>Hermanno</span> <span class='ocrx_word' id='word_1_202' title='bbox 597 2530 684 2590; x_wconf 77' lang='lat' dir='ltr'>Norae</span> <span class='ocrx_word' id='word_1_203' title='bbox 707 2527 816 2607; x_wconf 69' lang='lat' dir='ltr'>Aquilae</span> <span class='ocrx_word' id='word_1_204' title='bbox 839 2530 959 2589; x_wconf 86' lang='lat' dir='ltr'>comite:</span> <span class='ocrx_word' id='word_1_205' title='bbox 995 2529 1043 2589; x_wconf 85' lang='lat' dir='ltr'>liic</span> <span class='ocrx_word' id='word_1_206' title='bbox 1066 2531 1143 2589; x_wconf 88' lang='lat' dir='ltr'>enim</span> <span class='ocrx_word' id='word_1_207' title='bbox 1165 2530 1261 2590; x_wconf 86' lang='lat' dir='ltr'>ollicio</span> <span class='ocrx_word' id='word_1_208' title='bbox 1284 2547 1343 2588; x_wconf 90' lang='lat' dir='ltr'>uon</span> <span class='ocrx_word' id='word_1_209' title='bbox 1365 2529 1466 2589; x_wconf 83' lang='lat' dir='ltr'>deluit.</span> <span class='ocrx_word' id='word_1_210' title='bbox 1510 2530 1573 2591; x_wconf 83' lang='lat' dir='ltr'>b&#39;isi</span> <span class='ocrx_word' id='word_1_211' title='bbox 1600 2531 1701 2593; x_wconf 90' lang='lat' dir='ltr'>durius</span> 
     </span>
     <span class='ocr_line' id='line_1_20' title="bbox 406 2631 1701 2712; baseline 0.001 -19"><span class='ocrx_word' id='word_1_212' title='bbox 406 2633 464 2693; x_wconf 88' lang='lat' dir='ltr'>hoe</span> <span class='ocrx_word' id='word_1_213' title='bbox 491 2640 568 2693; x_wconf 85' lang='lat' dir='ltr'>esset</span> <span class='ocrx_word' id='word_1_214' title='bbox 594 2650 682 2710; x_wconf 90' lang='lat' dir='ltr'>quam</span> <span class='ocrx_word' id='word_1_215' title='bbox 710 2639 743 2691; x_wconf 93' lang='lat' dir='ltr'>ut</span> <span class='ocrx_word' id='word_1_216' title='bbox 765 2648 831 2690; x_wconf 90' lang='lat' dir='ltr'>meo</span> <span class='ocrx_word' id='word_1_217' title='bbox 853 2631 882 2689; x_wconf 91' lang='lat' dir='ltr'>in</span> <span class='ocrx_word' id='word_1_218' title='bbox 905 2638 933 2690; x_wconf 88' lang='lat' dir='ltr'>te</span> <span class='ocrx_word' id='word_1_219' title='bbox 956 2632 1049 2690; x_wconf 87' lang='lat' dir='ltr'>amori</span> <span class='ocrx_word' id='word_1_220' title='bbox 1072 2632 1237 2700; x_wconf 81' lang='lat' dir='ltr'>conveniat,</span> <span class='ocrx_word' id='word_1_221' title='bbox 1254 2645 1428 2691; x_wconf 81' lang='lat' dir='ltr'>‘accusarem</span> <span class='ocrx_word' id='word_1_222' title='bbox 1452 2638 1495 2701; x_wconf 89' lang='lat' dir='ltr'>te,</span> <span class='ocrx_word' id='word_1_223' title='bbox 1523 2650 1701 2712; x_wconf 83' lang='lat' dir='ltr'>qrramquanr</span> 
     </span>
     <span class='ocr_line' id='line_1_21' title="bbox 406 2732 1732 2815; baseline 0 -20"><span class='ocrx_word' id='word_1_224' title='bbox 406 2735 524 2815; x_wconf 90' lang='lat' dir='ltr'>quidem</span> <span class='ocrx_word' id='word_1_225' title='bbox 547 2735 576 2793; x_wconf 90' lang='lat' dir='ltr'>in</span> <span class='ocrx_word' id='word_1_226' title='bbox 599 2732 694 2812; x_wconf 93' lang='lat' dir='ltr'>aliqua</span> <span class='ocrx_word' id='word_1_227' title='bbox 718 2733 792 2793; x_wconf 78' lang='lat' dir='ltr'>forte</span> <span class='ocrx_word' id='word_1_228' title='bbox 816 2750 902 2792; x_wconf 88' lang='lat' dir='ltr'>causa</span> <span class='ocrx_word' id='word_1_229' title='bbox 925 2733 1029 2801; x_wconf 84' lang='lat' dir='ltr'>lucris,</span> <span class='ocrx_word' id='word_1_230' title='bbox 1059 2751 1150 2812; x_wconf 89' lang='lat' dir='ltr'>quare</span> <span class='ocrx_word' id='word_1_231' title='bbox 1171 2750 1231 2791; x_wconf 89' lang='lat' dir='ltr'>uon</span> <span class='ocrx_word' id='word_1_232' title='bbox 1254 2733 1414 2803; x_wconf 86' lang='lat' dir='ltr'>scriberes,</span> <span class='ocrx_word' id='word_1_233' title='bbox 1443 2740 1494 2794; x_wconf 88' lang='lat' dir='ltr'>ant</span> <span class='ocrx_word' id='word_1_234' title='bbox 1521 2737 1621 2813; x_wconf 88' lang='lat' dir='ltr'>potius</span> <span class='ocrx_word' id='word_1_235' title='bbox 1644 2747 1732 2815; x_wconf 72' lang='lat' dir='ltr'>qnott</span> 
     </span>
     <span class='ocr_line' id='line_1_22' title="bbox 406 2833 1700 2916; baseline -0.002 -18"><span class='ocrx_word' id='word_1_236' title='bbox 406 2838 502 2898; x_wconf 87' lang='lat' dir='ltr'>minus</span> <span class='ocrx_word' id='word_1_237' title='bbox 524 2835 602 2915; x_wconf 90' lang='lat' dir='ltr'>quod</span> <span class='ocrx_word' id='word_1_238' title='bbox 626 2835 766 2913; x_wconf 86' lang='lat' dir='ltr'>scripsisti</span> <span class='ocrx_word' id='word_1_239' title='bbox 788 2835 846 2894; x_wconf 85' lang='lat' dir='ltr'>une</span> <span class='ocrx_word' id='word_1_240' title='bbox 868 2835 1060 2912; x_wconf 75' lang='lat' dir='ltr'>perferretur.</span> <span class='ocrx_word' id='word_1_241' title='bbox 1104 2833 1146 2894; x_wconf 82' lang='lat' dir='ltr'>lie</span> <span class='ocrx_word' id='word_1_242' title='bbox 1168 2851 1233 2894; x_wconf 89' lang='lat' dir='ltr'>mea</span> <span class='ocrx_word' id='word_1_243' title='bbox 1256 2853 1322 2896; x_wconf 86' lang='lat' dir='ltr'>curu</span> <span class='ocrx_word' id='word_1_244' title='bbox 1346 2836 1474 2915; x_wconf 89' lang='lat' dir='ltr'>quinque</span> <span class='ocrx_word' id='word_1_245' title='bbox 1490 2835 1582 2897; x_wconf 85' lang='lat' dir='ltr'>Gallis</span> <span class='ocrx_word' id='word_1_246' title='bbox 1603 2855 1700 2916; x_wconf 83' lang='lat' dir='ltr'>pugna</span> 
     </span>
     <span class='ocr_line' id='line_1_23' title="bbox 406 2934 1699 3017; baseline 0 -17"><span class='ocrx_word' id='word_1_247' title='bbox 406 2940 525 3000; x_wconf 91' lang='lat' dir='ltr'>omuino</span> <span class='ocrx_word' id='word_1_248' title='bbox 549 2936 656 3017; x_wconf 91' lang='lat' dir='ltr'>aliquid</span> <span class='ocrx_word' id='word_1_249' title='bbox 680 2938 754 2999; x_wconf 84' lang='lat' dir='ltr'>scias</span> <span class='ocrx_word' id='word_1_250' title='bbox 776 2944 892 3016; x_wconf 88' lang='lat' dir='ltr'>oportet</span> <span class='ocrx_word' id='word_1_251' title='bbox 915 2936 1025 3016; x_wconf 86' lang='lat' dir='ltr'>ubique</span> <span class='ocrx_word' id='word_1_252' title='bbox 1048 2934 1264 3015; x_wconf 77' lang='lat' dir='ltr'>divulgantibus</span> <span class='ocrx_word' id='word_1_253' title='bbox 1286 2937 1440 2998; x_wconf 86' lang='lat' dir='ltr'>curtisanis</span> <span class='ocrx_word' id='word_1_254' title='bbox 1461 2938 1518 3017; x_wconf 89' lang='lat' dir='ltr'>qui</span> <span class='ocrx_word' id='word_1_255' title='bbox 1549 2946 1699 3001; x_wconf 77' lang='lat' dir='ltr'>vocantur.</span> 
     </span>
     <span class='ocr_line' id='line_1_24' title="bbox 348 3039 1701 3121; baseline 0.006 -26"><span class='ocrx_word' id='word_1_256' title='bbox 348 3042 562 3121; x_wconf 80' lang='lat' dir='ltr'>§.t-Capuiouis</span> <span class='ocrx_word' id='word_1_257' title='bbox 578 3041 726 3118; x_wconf 77' lang='lat' dir='ltr'>negotium</span> <span class='ocrx_word' id='word_1_258' title='bbox 742 3039 842 3100; x_wconf 80' lang='lat' dir='ltr'>ltoman</span> <span class='ocrx_word' id='word_1_259' title='bbox 865 3040 1003 3106; x_wconf 88' lang='lat' dir='ltr'>vertitur;</span> <span class='ocrx_word' id='word_1_260' title='bbox 1026 3057 1104 3099; x_wconf 90' lang='lat' dir='ltr'>nunc</span> <span class='ocrx_word' id='word_1_261' title='bbox 1127 3041 1275 3101; x_wconf 82' lang='lat' dir='ltr'>convocati</span> <span class='ocrx_word' id='word_1_262' title='bbox 1298 3040 1427 3119; x_wconf 85' lang='lat' dir='ltr'>undique</span> <span class='ocrx_word' id='word_1_263' title='bbox 1450 3040 1579 3120; x_wconf 82' lang='lat' dir='ltr'>theologi</span> <span class='ocrx_word' id='word_1_264' title='bbox 1602 3042 1701 3121; x_wconf 90' lang='lat' dir='ltr'>dispu-</span> 
     </span>
     <span class='ocr_line' id='line_1_25' title="bbox 405 3126 1700 3222; baseline 0 -18"><span class='ocrx_word' id='word_1_265' title='bbox 405 3152 480 3212; x_wconf 89' lang='lat' dir='ltr'>tant,</span> <span class='ocrx_word' id='word_1_266' title='bbox 497 3151 564 3220; x_wconf 88' lang='lat' dir='ltr'>post</span> <span class='ocrx_word' id='word_1_267' title='bbox 578 3150 736 3202; x_wconf 86' lang='lat' dir='ltr'>statuetur:</span> <span class='ocrx_word' id='word_1_268' title='bbox 754 3160 788 3201; x_wconf 92' lang='lat' dir='ltr'>eo</span> <span class='ocrx_word' id='word_1_269' title='bbox 805 3142 881 3201; x_wconf 92' lang='lat' dir='ltr'>cuim</span> <span class='ocrx_word' id='word_1_270' title='bbox 896 3148 1016 3201; x_wconf 84' lang='lat' dir='ltr'>ventum</span> <span class='ocrx_word' id='word_1_271' title='bbox 1032 3147 1090 3209; x_wconf 90' lang='lat' dir='ltr'>est,</span> <span class='ocrx_word' id='word_1_272' title='bbox 1107 3142 1217 3218; x_wconf 90' lang='lat' dir='ltr'>optime</span> <span class='ocrx_word' id='word_1_273' title='bbox 1229 3141 1335 3210; x_wconf 88' lang='lat' dir='ltr'>Croee,</span> <span class='ocrx_word' id='word_1_274' title='bbox 1352 3150 1385 3202; x_wconf 87' lang='lat' dir='ltr'>nt</span> <span class='ocrx_word' id='word_1_275' title='bbox 1398 3142 1455 3202; x_wconf 89' lang='lat' dir='ltr'>iam</span> <span class='ocrx_word' id='word_1_276' title='bbox 1471 3161 1531 3203; x_wconf 91' lang='lat' dir='ltr'>uon</span> <span class='ocrx_word' id='word_1_277' title='bbox 1547 3144 1618 3222; x_wconf 91' lang='lat' dir='ltr'>quid</span> <span class='ocrx_word' id='word_1_278' title='bbox 1635 3126 1700 3206; x_wconf 79' lang='lat' dir='ltr'>sen·</span> 
     </span>
     <span class='ocr_line' id='line_1_26' title="bbox 404 3243 1731 3324; baseline 0.002 -20"><span class='ocrx_word' id='word_1_279' title='bbox 404 3246 475 3304; x_wconf 87' lang='lat' dir='ltr'>serit</span> <span class='ocrx_word' id='word_1_280' title='bbox 497 3244 592 3304; x_wconf 91' lang='lat' dir='ltr'>bouus</span> <span class='ocrx_word' id='word_1_281' title='bbox 614 3250 711 3321; x_wconf 88' lang='lat' dir='ltr'>pater,</span> <span class='ocrx_word' id='word_1_282' title='bbox 735 3243 787 3302; x_wconf 90' lang='lat' dir='ltr'>sed</span> <span class='ocrx_word' id='word_1_283' title='bbox 809 3243 878 3320; x_wconf 86' lang='lat' dir='ltr'>quid</span> <span class='ocrx_word' id='word_1_284' title='bbox 901 3245 1027 3303; x_wconf 86' lang='lat' dir='ltr'>sensisse</span> <span class='ocrx_word' id='word_1_285' title='bbox 1049 3243 1145 3321; x_wconf 89' lang='lat' dir='ltr'>putari</span> <span class='ocrx_word' id='word_1_286' title='bbox 1167 3245 1272 3320; x_wconf 84' lang='lat' dir='ltr'>possit,</span> <span class='ocrx_word' id='word_1_287' title='bbox 1295 3246 1464 3322; x_wconf 89' lang='lat' dir='ltr'>accipiatur.</span> <span class='ocrx_word' id='word_1_288' title='bbox 1510 3245 1583 3306; x_wconf 89' lang='lat' dir='ltr'>Cum</span> <span class='ocrx_word' id='word_1_289' title='bbox 1599 3247 1731 3324; x_wconf 71' lang='lat' dir='ltr'>prouisa</span> 
     </span>
     <span class='ocr_line' id='line_1_27' title="bbox 406 3344 1700 3425; baseline 0.002 -20"><span class='ocrx_word' id='word_1_290' title='bbox 406 3348 495 3416; x_wconf 90' lang='lat' dir='ltr'>scies,</span> <span class='ocrx_word' id='word_1_291' title='bbox 511 3346 577 3415; x_wconf 91' lang='lat' dir='ltr'>nbi,</span> <span class='ocrx_word' id='word_1_292' title='bbox 594 3345 672 3423; x_wconf 91' lang='lat' dir='ltr'>quod</span> <span class='ocrx_word' id='word_1_293' title='bbox 690 3346 718 3405; x_wconf 91' lang='lat' dir='ltr'>iu</span> <span class='ocrx_word' id='word_1_294' title='bbox 734 3344 796 3404; x_wconf 88' lang='lat' dir='ltr'>dies</span> <span class='ocrx_word' id='word_1_295' title='bbox 811 3362 913 3422; x_wconf 88' lang='lat' dir='ltr'>spero,</span> <span class='ocrx_word' id='word_1_296' title='bbox 930 3346 965 3404; x_wconf 91' lang='lat' dir='ltr'>ad</span> <span class='ocrx_word' id='word_1_297' title='bbox 983 3363 1029 3404; x_wconf 91' lang='lat' dir='ltr'>mc</span> <span class='ocrx_word' id='word_1_298' title='bbox 1045 3345 1156 3405; x_wconf 81' lang='lat' dir='ltr'>venerit</span> <span class='ocrx_word' id='word_1_299' title='bbox 1170 3348 1326 3416; x_wconf 88' lang='lat' dir='ltr'>sententia,</span> <span class='ocrx_word' id='word_1_300' title='bbox 1343 3348 1473 3408; x_wconf 89' lang='lat' dir='ltr'>uoniam</span> <span class='ocrx_word' id='word_1_301' title='bbox 1489 3345 1527 3407; x_wconf 91' lang='lat' dir='ltr'>de</span> <span class='ocrx_word' id='word_1_302' title='bbox 1542 3346 1700 3425; x_wconf 72' lang='lat' dir='ltr'>fapnioue,</span> 
     </span>
     <span class='ocr_line' id='line_1_28' title="bbox 349 3446 1699 3527; baseline 0.001 -19"><span class='ocrx_word' id='word_1_303' title='bbox 349 3456 394 3507; x_wconf 77' lang='lat' dir='ltr'>§.a</span> <span class='ocrx_word' id='word_1_304' title='bbox 404 3449 456 3508; x_wconf 91' lang='lat' dir='ltr'>sed</span> <span class='ocrx_word' id='word_1_305' title='bbox 472 3448 509 3508; x_wconf 89' lang='lat' dir='ltr'>de</span> <span class='ocrx_word' id='word_1_306' title='bbox 524 3448 631 3507; x_wconf 88' lang='lat' dir='ltr'>nostris</span> <span class='ocrx_word' id='word_1_307' title='bbox 647 3448 842 3507; x_wconf 87' lang='lat' dir='ltr'>communiter</span> <span class='ocrx_word' id='word_1_308' title='bbox 856 3446 959 3507; x_wconf 85' lang='lat' dir='ltr'>struliis</span> <span class='ocrx_word' id='word_1_309' title='bbox 975 3446 1040 3506; x_wconf 90' lang='lat' dir='ltr'>lata.</span> <span class='ocrx_word' id='word_1_310' title='bbox 1074 3447 1144 3508; x_wconf 85' lang='lat' dir='ltr'>llaec</span> <span class='ocrx_word' id='word_1_311' title='bbox 1159 3467 1174 3508; x_wconf 94' lang='lat' dir='ltr'>a</span> <span class='ocrx_word' id='word_1_312' title='bbox 1190 3467 1252 3518; x_wconf 91' lang='lat' dir='ltr'>me,</span> <span class='ocrx_word' id='word_1_313' title='bbox 1273 3450 1323 3527; x_wconf 93' lang='lat' dir='ltr'>qui</span> <span class='ocrx_word' id='word_1_314' title='bbox 1338 3448 1437 3509; x_wconf 78' lang='lat' dir='ltr'>brevis</span> <span class='ocrx_word' id='word_1_315' title='bbox 1458 3467 1522 3509; x_wconf 90' lang='lat' dir='ltr'>esse</span> <span class='ocrx_word' id='word_1_316' title='bbox 1540 3448 1616 3508; x_wconf 82' lang='lat' dir='ltr'>rulo.</span> <span class='ocrx_word' id='word_1_317' title='bbox 1651 3448 1699 3510; x_wconf 91' lang='lat' dir='ltr'>ali·</span> 
     </span>
     <span class='ocr_line' id='line_1_29' title="bbox 404 3548 1700 3629; baseline 0.002 -19"><span class='ocrx_word' id='word_1_318' title='bbox 404 3550 474 3629; x_wconf 89' lang='lat' dir='ltr'>quid</span> <span class='ocrx_word' id='word_1_319' title='bbox 491 3551 567 3609; x_wconf 86' lang='lat' dir='ltr'>cuim</span> <span class='ocrx_word' id='word_1_320' title='bbox 582 3551 625 3609; x_wconf 89' lang='lat' dir='ltr'>tui</span> <span class='ocrx_word' id='word_1_321' title='bbox 640 3548 737 3609; x_wconf 88' lang='lat' dir='ltr'>studio</span> <span class='ocrx_word' id='word_1_322' title='bbox 752 3556 884 3608; x_wconf 88' lang='lat' dir='ltr'>moratus</span> <span class='ocrx_word' id='word_1_323' title='bbox 905 3567 972 3609; x_wconf 90' lang='lat' dir='ltr'>sum</span> <span class='ocrx_word' id='word_1_324' title='bbox 995 3549 1048 3609; x_wconf 90' lang='lat' dir='ltr'>bos</span> <span class='ocrx_word' id='word_1_325' title='bbox 1062 3550 1258 3618; x_wconf 89' lang='lat' dir='ltr'>Pomerauos,</span> <span class='ocrx_word' id='word_1_326' title='bbox 1281 3551 1332 3628; x_wconf 92' lang='lat' dir='ltr'>qui</span> <span class='ocrx_word' id='word_1_327' title='bbox 1346 3550 1398 3611; x_wconf 88' lang='lat' dir='ltr'>tibi</span> <span class='ocrx_word' id='word_1_328' title='bbox 1413 3550 1466 3611; x_wconf 86' lang='lat' dir='ltr'>lias</span> <span class='ocrx_word' id='word_1_329' title='bbox 1481 3551 1631 3611; x_wconf 88' lang='lat' dir='ltr'>reddunt..</span> <span class='ocrx_word' id='word_1_330' title='bbox 1650 3551 1700 3612; x_wconf 91' lang='lat' dir='ltr'>sed</span> 
     </span>
     <span class='ocr_line' id='line_1_30' title="bbox 357 3649 1700 3730; baseline 0.002 -19"><span class='ocrx_word' id='word_1_331' title='bbox 357 3683 361 3692; x_wconf 94' lang='lat'>·</span> <span class='ocrx_word' id='word_1_332' title='bbox 405 3659 434 3712; x_wconf 88' lang='lat' dir='ltr'>et</span> <span class='ocrx_word' id='word_1_333' title='bbox 455 3652 511 3711; x_wconf 91' lang='lat' dir='ltr'>boc</span> <span class='ocrx_word' id='word_1_334' title='bbox 533 3668 590 3709; x_wconf 84' lang='lat' dir='ltr'>riou</span> <span class='ocrx_word' id='word_1_335' title='bbox 612 3652 758 3709; x_wconf 89' lang='lat' dir='ltr'>omittam:</span> <span class='ocrx_word' id='word_1_336' title='bbox 792 3669 887 3728; x_wconf 78' lang='lat' dir='ltr'>rumor</span> <span class='ocrx_word' id='word_1_337' title='bbox 910 3650 1062 3728; x_wconf 87' lang='lat' dir='ltr'>epistolam</span> <span class='ocrx_word' id='word_1_338' title='bbox 1088 3649 1143 3711; x_wconf 91' lang='lat' dir='ltr'>lusi</span> <span class='ocrx_word' id='word_1_339' title='bbox 1172 3650 1300 3730; x_wconf 84' lang='lat' dir='ltr'>elegiaco</span> <span class='ocrx_word' id='word_1_340' title='bbox 1329 3652 1458 3713; x_wconf 88' lang='lat' dir='ltr'>carmine</span> <span class='ocrx_word' id='word_1_341' title='bbox 1488 3652 1526 3712; x_wconf 94' lang='lat' dir='ltr'>ad</span> <span class='ocrx_word' id='word_1_342' title='bbox 1555 3652 1700 3714; x_wconf 76' lang='lat' dir='ltr'>Caesarem</span> 
     </span>
     <span class='ocr_line' id='line_1_31' title="bbox 403 3750 1732 3833; baseline 0.001 -21"><span class='ocrx_word' id='word_1_343' title='bbox 403 3750 630 3812; x_wconf 79' lang='lat' dir='ltr'>llarimilianum</span> <span class='ocrx_word' id='word_1_344' title='bbox 647 3751 748 3819; x_wconf 78' lang='lat' dir='ltr'>ltalia3</span> <span class='ocrx_word' id='word_1_345' title='bbox 772 3771 836 3812; x_wconf 90' lang='lat' dir='ltr'>cam</span> <span class='ocrx_word' id='word_1_346' title='bbox 852 3754 910 3812; x_wconf 89' lang='lat' dir='ltr'>mei</span> <span class='ocrx_word' id='word_1_347' title='bbox 925 3751 1073 3813; x_wconf 89' lang='lat' dir='ltr'>studiosus</span> <span class='ocrx_word' id='word_1_348' title='bbox 1088 3752 1206 3832; x_wconf 80' lang='lat' dir='ltr'>quitiam</span> <span class='ocrx_word' id='word_1_349' title='bbox 1218 3752 1456 3833; x_wconf 76' lang='lat' dir='ltr'>ll&#39;itteupurgum</span> <span class='ocrx_word' id='word_1_350' title='bbox 1471 3753 1588 3814; x_wconf 87' lang='lat' dir='ltr'>Facelm</span> <span class='ocrx_word' id='word_1_351' title='bbox 1604 3756 1698 3815; x_wconf 90' lang='lat' dir='ltr'>mittit.</span> <span class='ocrx_word' id='word_1_352' title='bbox 1709 3771 1732 3813; x_wconf 81' lang='lat' dir='ltr'>ao</span> 
     </span>
     <span class='ocr_line' id='line_1_32' title="bbox 405 3853 1700 3936; baseline 0.001 -21"><span class='ocrx_word' id='word_1_353' title='bbox 405 3872 475 3915; x_wconf 86' lang='lat' dir='ltr'>eura</span> <span class='ocrx_word' id='word_1_354' title='bbox 491 3853 588 3914; x_wconf 84' lang='lat' dir='ltr'>videas</span> <span class='ocrx_word' id='word_1_355' title='bbox 605 3871 674 3914; x_wconf 89' lang='lat' dir='ltr'>uum</span> <span class='ocrx_word' id='word_1_356' title='bbox 689 3853 758 3931; x_wconf 91' lang='lat' dir='ltr'>quid</span> <span class='ocrx_word' id='word_1_357' title='bbox 774 3854 881 3913; x_wconf 88' lang='lat' dir='ltr'>babeat</span> <span class='ocrx_word' id='word_1_358' title='bbox 896 3855 973 3932; x_wconf 92' lang='lat' dir='ltr'>quod</span> <span class='ocrx_word' id='word_1_359' title='bbox 990 3863 1019 3936; x_wconf 78' lang='lat' dir='ltr'>tc</span> <span class='ocrx_word' id='word_1_360' title='bbox 1034 3855 1148 3915; x_wconf 86' lang='lat' dir='ltr'>afficiat.</span> <span class='ocrx_word' id='word_1_361' title='bbox 1172 3856 1196 3915; x_wconf 88' lang='lat' dir='ltr'>si</span> <span class='ocrx_word' id='word_1_362' title='bbox 1217 3861 1333 3934; x_wconf 90' lang='lat' dir='ltr'>tempus</span> <span class='ocrx_word' id='word_1_363' title='bbox 1353 3863 1411 3926; x_wconf 89' lang='lat' dir='ltr'>est,</span> <span class='ocrx_word' id='word_1_364' title='bbox 1433 3874 1488 3934; x_wconf 91' lang='lat' dir='ltr'>pro</span> <span class='ocrx_word' id='word_1_365' title='bbox 1504 3855 1700 3917; x_wconf 81' lang='lat' dir='ltr'>blaximiliano</span> 
     </span>
     <span class='ocr_line' id='line_1_33' title="bbox 344 3954 1700 4040; baseline 0.004 -28"><span class='ocrx_word' id='word_1_366' title='bbox 344 3961 390 4012; x_wconf 70' lang='lat' dir='ltr'>ii·</span> <span class='ocrx_word' id='word_1_367' title='bbox 404 3956 566 4034; x_wconf 88' lang='lat' dir='ltr'>responde:</span> <span class='ocrx_word' id='word_1_368' title='bbox 589 3973 657 4015; x_wconf 90' lang='lat' dir='ltr'>uam</span> <span class='ocrx_word' id='word_1_369' title='bbox 679 3955 735 4015; x_wconf 89' lang='lat' dir='ltr'>hoe</span> <span class='ocrx_word' id='word_1_370' title='bbox 757 3954 820 4015; x_wconf 89' lang='lat' dir='ltr'>aliis</span> <span class='ocrx_word' id='word_1_371' title='bbox 842 3955 956 4034; x_wconf 87' lang='lat' dir='ltr'>reliqui.</span> <span class='ocrx_word' id='word_1_372' title='bbox 990 3956 1103 4017; x_wconf 90' lang='lat' dir='ltr'>Nimius</span> <span class='ocrx_word' id='word_1_373' title='bbox 1125 3958 1183 4024; x_wconf 89' lang='lat' dir='ltr'>lui;</span> <span class='ocrx_word' id='word_1_374' title='bbox 1213 3957 1302 4035; x_wconf 82' lang='lat' dir='ltr'>igitur</span> <span class='ocrx_word' id='word_1_375' title='bbox 1324 3957 1475 4019; x_wconf 90' lang='lat' dir='ltr'>occludam</span> <span class='ocrx_word' id='word_1_376' title='bbox 1497 3957 1607 4019; x_wconf 89' lang='lat' dir='ltr'>literas.</span> <span class='ocrx_word' id='word_1_377' title='bbox 1656 3957 1700 4040; x_wconf 80' lang='lat' dir='ltr'>&#39;lp</span> 
     </span>
     <span class='ocr_line' id='line_1_34' title="bbox 335 4056 1699 4154; baseline 0.001 -35"><span class='ocrx_word' id='word_1_378' title='bbox 335 4143 346 4154; x_wconf 33' lang='grc' dir='ltr'><em>ο</em></span> <span class='ocrx_word' id='word_1_379' title='bbox 404 4058 468 4120; x_wconf 82' lang='lat' dir='ltr'>vale</span> <span class='ocrx_word' id='word_1_380' title='bbox 489 4058 582 4117; x_wconf 87' lang='lat' dir='ltr'>nostri</span> <span class='ocrx_word' id='word_1_381' title='bbox 604 4076 726 4117; x_wconf 87' lang='lat' dir='ltr'>memor.</span> <span class='ocrx_word' id='word_1_382' title='bbox 771 4056 902 4117; x_wconf 80' lang='lat' dir='ltr'>bononia</span> <span class='ocrx_word' id='word_1_383' title='bbox 925 4056 957 4115; x_wconf 88' lang='lat' dir='ltr'>V.</span> <span class='ocrx_word' id='word_1_384' title='bbox 982 4056 1050 4118; x_wconf 89' lang='lat' dir='ltr'>ldus</span> <span class='ocrx_word' id='word_1_385' title='bbox 1071 4058 1207 4137; x_wconf 75' lang='lat' dir='ltr'>Augusti:</span> <span class='ocrx_word' id='word_1_386' title='bbox 1230 4061 1352 4138; x_wconf 91' lang='lat' dir='ltr'>raptim,</span> <span class='ocrx_word' id='word_1_387' title='bbox 1378 4061 1514 4130; x_wconf 83' lang='lat' dir='ltr'>irrerise,</span> <span class='ocrx_word' id='word_1_388' title='bbox 1536 4061 1699 4121; x_wconf 88' lang='lat' dir='ltr'>sinceriter.</span> 
     </span>
    </p>
   </div>
   <div class='ocr_carea' id='block_1_5' title="bbox 401 4223 1702 4806">
    <p class='ocr_par' dir='ltr' id='par_1_7' title="bbox 401 4223 1702 4806">
     <span class='ocr_line' id='line_1_35' title="bbox 443 4223 1700 4300; baseline 0.002 -22"><span class='ocrx_word' id='word_1_389' title='bbox 443 4223 446 4229; x_wconf 83' lang='grc'><strong>’</strong></span> <span class='ocrx_word' id='word_1_390' title='bbox 470 4227 832 4293; x_wconf 80' lang='lat' dir='ltr'>⁶abessect1pioadd.A,</span> <span class='ocrx_word' id='word_1_391' title='bbox 856 4231 882 4277; x_wconf 83' lang='lat' dir='ltr'>iu</span> <span class='ocrx_word' id='word_1_392' title='bbox 900 4230 949 4273; x_wconf 79' lang='lat' dir='ltr'>MS.</span> <span class='ocrx_word' id='word_1_393' title='bbox 975 4230 1059 4278; x_wconf 83' lang='lat' dir='ltr'>vitium</span> <span class='ocrx_word' id='word_1_394' title='bbox 1076 4232 1158 4279; x_wconf 82' lang='lat' dir='ltr'>latere</span> <span class='ocrx_word' id='word_1_395' title='bbox 1176 4231 1311 4280; x_wconf 66' lang='lat' dir='ltr'>Montana.</span> <span class='ocrx_word' id='word_1_396' title='bbox 1336 4228 1634 4300; x_wconf 50' lang='lat' dir='ltr'>9⁹„monumentum“</span> <span class='ocrx_word' id='word_1_397' title='bbox 1651 4247 1700 4295; x_wconf 84' lang='lat' dir='ltr'>pro</span> 
     </span>
     <span class='ocr_line' id='line_1_36' title="bbox 401 4314 1699 4381; baseline 0 -16"><span class='ocrx_word' id='word_1_398' title='bbox 401 4314 478 4365; x_wconf 79' lang='lat' dir='ltr'>verbo</span> <span class='ocrx_word' id='word_1_399' title='bbox 507 4315 614 4380; x_wconf 82' lang='lat' dir='ltr'>quodam</span> <span class='ocrx_word' id='word_1_400' title='bbox 638 4317 663 4363; x_wconf 84' lang='lat' dir='ltr'>iu</span> <span class='ocrx_word' id='word_1_401' title='bbox 681 4317 731 4359; x_wconf 62' lang='grc' dir='ltr'>ΜΒ.</span> <span class='ocrx_word' id='word_1_402' title='bbox 752 4318 873 4377; x_wconf 72' lang='lat' dir='ltr'>camapio</span> <span class='ocrx_word' id='word_1_403' title='bbox 901 4317 988 4376; x_wconf 74' lang='lat' dir='ltr'>pacarit</span> <span class='ocrx_word' id='word_1_404' title='bbox 1004 4314 1038 4363; x_wconf 79' lang='lat' dir='ltr'>A.</span> <span class='ocrx_word' id='word_1_405' title='bbox 1084 4315 1144 4365; x_wconf 86' lang='lat' dir='ltr'>Vult</span> <span class='ocrx_word' id='word_1_406' title='bbox 1166 4322 1257 4365; x_wconf 82' lang='lat' dir='ltr'>auctor</span> <span class='ocrx_word' id='word_1_407' title='bbox 1280 4321 1433 4381; x_wconf 74' lang='lat' dir='ltr'>praesentes</span> <span class='ocrx_word' id='word_1_408' title='bbox 1460 4315 1503 4365; x_wconf 85' lang='lat' dir='ltr'>his</span> <span class='ocrx_word' id='word_1_409' title='bbox 1530 4315 1699 4376; x_wconf 78' lang='lat' dir='ltr'>insultando,</span> 
     </span>
     <span class='ocr_line' id='line_1_37' title="bbox 403 4397 1700 4472; baseline 0 -23"><span class='ocrx_word' id='word_1_410' title='bbox 403 4400 476 4465; x_wconf 91' lang='lat' dir='ltr'>quib.</span> <span class='ocrx_word' id='word_1_411' title='bbox 491 4406 540 4449; x_wconf 86' lang='lat' dir='ltr'>ete.</span> <span class='ocrx_word' id='word_1_412' title='bbox 565 4398 595 4447; x_wconf 85' lang='lat' dir='ltr'>fit</span> <span class='ocrx_word' id='word_1_413' title='bbox 608 4399 766 4456; x_wconf 87' lang='lat' dir='ltr'>insultando</span> <span class='ocrx_word' id='word_1_414' title='bbox 777 4401 840 4447; x_wconf 81' lang='lat' dir='ltr'>male</span> <span class='ocrx_word' id='word_1_415' title='bbox 852 4399 1039 4447; x_wconf 74' lang='lat' dir='ltr'>eoniunaeruat</span> <span class='ocrx_word' id='word_1_416' title='bbox 1051 4400 1174 4449; x_wconf 77' lang='lat' dir='ltr'>editores.</span> <span class='ocrx_word' id='word_1_417' title='bbox 1227 4397 1246 4432; x_wconf 88' lang='lat'>¹¹</span> <span class='ocrx_word' id='word_1_418' title='bbox 1266 4401 1355 4472; x_wconf 65' lang='lat' dir='ltr'>Quam</span> <span class='ocrx_word' id='word_1_419' title='bbox 1373 4400 1426 4450; x_wconf 88' lang='lat' dir='ltr'>hoe</span> <span class='ocrx_word' id='word_1_420' title='bbox 1441 4399 1512 4449; x_wconf 83' lang='lat' dir='ltr'>bene</span> <span class='ocrx_word' id='word_1_421' title='bbox 1525 4401 1700 4465; x_wconf 80' lang='lat' dir='ltr'>-probavit</span> 
     </span>
     <span class='ocr_line' id='line_1_38' title="bbox 403 4484 1700 4552; baseline 0.002 -20"><span class='ocrx_word' id='word_1_422' title='bbox 403 4485 449 4533; x_wconf 81' lang='lat' dir='ltr'>Er.</span> <span class='ocrx_word' id='word_1_423' title='bbox 463 4490 512 4532; x_wconf 84' lang='lat' dir='ltr'>etc.</span> <span class='ocrx_word' id='word_1_424' title='bbox 531 4486 632 4534; x_wconf 83' lang='lat' dir='ltr'>A.2.a.</span> <span class='ocrx_word' id='word_1_425' title='bbox 650 4487 693 4550; x_wconf 81' lang='lat' dir='ltr'>qui</span> <span class='ocrx_word' id='word_1_426' title='bbox 703 4500 788 4535; x_wconf 78' lang='lat' dir='ltr'>omues</span> <span class='ocrx_word' id='word_1_427' title='bbox 805 4486 884 4533; x_wconf 77' lang='lat' dir='ltr'>lomim</span> <span class='ocrx_word' id='word_1_428' title='bbox 901 4485 972 4532; x_wconf 68' lang='lat' dir='ltr'>vualis</span> <span class='ocrx_word' id='word_1_429' title='bbox 990 4484 1191 4535; x_wconf 73' lang='lat' dir='ltr'>distinctionibus</span> <span class='ocrx_word' id='word_1_430' title='bbox 1208 4491 1387 4550; x_wconf 70' lang='lat' dir='ltr'>corruperant.</span> <span class='ocrx_word' id='word_1_431' title='bbox 1451 4485 1569 4534; x_wconf 82' lang='lat' dir='ltr'>cesserit·</span> <span class='ocrx_word' id='word_1_432' title='bbox 1586 4487 1700 4552; x_wconf 82' lang='lat' dir='ltr'>equidem</span> 
     </span>
     <span class='ocr_line' id='line_1_39' title="bbox 404 4569 1700 4640; baseline 0.002 -23"><span class='ocrx_word' id='word_1_433' title='bbox 404 4571 502 4618; x_wconf 84' lang='lat' dir='ltr'>addtdi.</span> <span class='ocrx_word' id='word_1_434' title='bbox 521 4571 620 4619; x_wconf 73' lang='lat' dir='ltr'>verdum</span> <span class='ocrx_word' id='word_1_435' title='bbox 638 4572 757 4632; x_wconf 79' lang='lat' dir='ltr'>deficiens</span> <span class='ocrx_word' id='word_1_436' title='bbox 775 4571 801 4618; x_wconf 81' lang='lat' dir='ltr'>iu</span> <span class='ocrx_word' id='word_1_437' title='bbox 824 4570 873 4614; x_wconf 75' lang='lat' dir='ltr'>MS.</span> <span class='ocrx_word' id='word_1_438' title='bbox 887 4569 998 4617; x_wconf 85' lang='lat' dir='ltr'>vitiatum</span> <span class='ocrx_word' id='word_1_439' title='bbox 1018 4583 1074 4619; x_wconf 79' lang='lat' dir='ltr'>esce</span> <span class='ocrx_word' id='word_1_440' title='bbox 1093 4570 1180 4619; x_wconf 80' lang='lat' dir='ltr'>adnot.</span> <span class='ocrx_word' id='word_1_441' title='bbox 1191 4571 1226 4621; x_wconf 83' lang='lat' dir='ltr'>A.</span> <span class='ocrx_word' id='word_1_442' title='bbox 1290 4569 1361 4621; x_wconf 85' lang='lat' dir='ltr'>Male</span> <span class='ocrx_word' id='word_1_443' title='bbox 1380 4572 1412 4621; x_wconf 85' lang='lat' dir='ltr'>de</span> <span class='ocrx_word' id='word_1_444' title='bbox 1422 4570 1510 4621; x_wconf 80' lang='lat' dir='ltr'>Morio</span> <span class='ocrx_word' id='word_1_445' title='bbox 1519 4569 1626 4640; x_wconf 79' lang='lat' dir='ltr'>Eruami</span> <span class='ocrx_word' id='word_1_446' title='bbox 1641 4572 1666 4620; x_wconf 83' lang='lat' dir='ltr'>ir.</span> <span class='ocrx_word' id='word_1_447' title='bbox 1683 4573 1700 4620; x_wconf 88' lang='lat'>1.</span> 
     </span>
     <span class='ocr_line' id='line_1_40' title="bbox 404 4651 1702 4722; baseline 0.001 -19"><span class='ocrx_word' id='word_1_448' title='bbox 404 4655 516 4711; x_wconf 79' lang='lat' dir='ltr'>adn..i.,·</span> <span class='ocrx_word' id='word_1_449' title='bbox 538 4655 570 4704; x_wconf 81' lang='lat' dir='ltr'>de</span> <span class='ocrx_word' id='word_1_450' title='bbox 588 4654 698 4703; x_wconf 81' lang='lat' dir='ltr'>Eraamo</span> <span class='ocrx_word' id='word_1_451' title='bbox 721 4654 836 4717; x_wconf 66' lang='lat' dir='ltr'>epulatis</span> <span class='ocrx_word' id='word_1_452' title='bbox 854 4651 882 4701; x_wconf 89' lang='lat'>0.</span> <span class='ocrx_word' id='word_1_453' title='bbox 899 4653 932 4700; x_wconf 84' lang='lat' dir='ltr'>V.</span> <span class='ocrx_word' id='word_1_454' title='bbox 954 4655 1128 4717; x_wconf 80' lang='lat' dir='ltr'>applaudente</span> <span class='ocrx_word' id='word_1_455' title='bbox 1145 4656 1256 4721; x_wconf 82' lang='lat' dir='ltr'>loquitur</span> <span class='ocrx_word' id='word_1_456' title='bbox 1274 4657 1416 4715; x_wconf 84' lang='lat' dir='ltr'>Ilutienua,</span> <span class='ocrx_word' id='word_1_457' title='bbox 1441 4657 1509 4722; x_wconf 78' lang='lat' dir='ltr'>prcod</span> <span class='ocrx_word' id='word_1_458' title='bbox 1531 4662 1702 4720; x_wconf 64' lang='lat' dir='ltr'>argumentum</span> 
     </span>
     <span class='ocr_line' id='line_1_41' title="bbox 403 4736 1699 4806; baseline 0.001 -19"><span class='ocrx_word' id='word_1_459' title='bbox 403 4741 505 4801; x_wconf 77' lang='lat' dir='ltr'>eprepie</span> <span class='ocrx_word' id='word_1_460' title='bbox 522 4741 549 4786; x_wconf 86' lang='lat' dir='ltr'>iu</span> <span class='ocrx_word' id='word_1_461' title='bbox 560 4737 775 4801; x_wconf 71' lang='lat' dir='ltr'>Eapociniatioae</span> <span class='ocrx_word' id='word_1_462' title='bbox 792 4754 840 4787; x_wconf 76' lang='lat' dir='ltr'>aaa</span> <span class='ocrx_word' id='word_1_463' title='bbox 857 4753 911 4786; x_wconf 78' lang='lat' dir='ltr'>ewa</span> <span class='ocrx_word' id='word_1_464' title='bbox 928 4736 1038 4788; x_wconf 83' lang='lat' dir='ltr'>Eracmo</span> <span class='ocrx_word' id='word_1_465' title='bbox 1055 4746 1205 4803; x_wconf 75' lang='lat' dir='ltr'>prosecutus</span> <span class='ocrx_word' id='word_1_466' title='bbox 1222 4747 1269 4790; x_wconf 83' lang='lat' dir='ltr'>eet.</span> <span class='ocrx_word' id='word_1_467' title='bbox 1339 4737 1361 4773; x_wconf 78' lang='lat'>¹⁴</span> <span class='ocrx_word' id='word_1_468' title='bbox 1379 4756 1396 4790; x_wconf 78' lang='lat' dir='ltr'>a</span> <span class='ocrx_word' id='word_1_469' title='bbox 1408 4738 1461 4805; x_wconf 87' lang='lat' dir='ltr'>me]</span> <span class='ocrx_word' id='word_1_470' title='bbox 1472 4741 1486 4788; x_wconf 77' lang='lat' dir='ltr'>‘l</span> <span class='ocrx_word' id='word_1_471' title='bbox 1498 4757 1531 4790; x_wconf 82' lang='lat' dir='ltr'>nu</span> <span class='ocrx_word' id='word_1_472' title='bbox 1548 4740 1623 4806; x_wconf 80' lang='lat' dir='ltr'>apud</span> <span class='ocrx_word' id='word_1_473' title='bbox 1639 4743 1699 4789; x_wconf 78' lang='lat' dir='ltr'>me?</span> 
     </span>
    </p>
   </div>
   <div class='ocr_carea' id='block_1_6' title="bbox 403 4819 1698 4976">
    <p class='ocr_par' dir='ltr' id='par_1_8' title="bbox 403 4819 1698 4976">
     <span class='ocr_line' id='line_1_42' title="bbox 404 4819 1698 4892; baseline 0.003 -21"><span class='ocrx_word' id='word_1_474' title='bbox 404 4819 460 4863; x_wconf 62' lang='lat'><strong>¹¹¹³·</strong></span> <span class='ocrx_word' id='word_1_475' title='bbox 480 4823 787 4872; x_wconf 81' lang='lat' dir='ltr'>Demea....voeantur</span> <span class='ocrx_word' id='word_1_476' title='bbox 803 4823 943 4872; x_wconf 79' lang='lat' dir='ltr'>omis.2.3.</span> <span class='ocrx_word' id='word_1_477' title='bbox 1006 4819 1028 4853; x_wconf 79' lang='lat'>²⁴</span> <span class='ocrx_word' id='word_1_478' title='bbox 1046 4820 1135 4889; x_wconf 82' lang='lat' dir='ltr'>pater]</span> <span class='ocrx_word' id='word_1_479' title='bbox 1161 4824 1282 4889; x_wconf 78' lang='lat' dir='ltr'>Capoten.</span> <span class='ocrx_word' id='word_1_480' title='bbox 1347 4823 1370 4857; x_wconf 89' lang='lat'>³⁰</span> <span class='ocrx_word' id='word_1_481' title='bbox 1388 4825 1621 4892; x_wconf 80' lang='lat' dir='ltr'>Vvittenburgum</span> <span class='ocrx_word' id='word_1_482' title='bbox 1638 4828 1698 4877; x_wconf 71' lang='lat'>23.</span> 
     </span>
     <span class='ocr_line' id='line_1_43' title="bbox 403 4905 885 4976; baseline 0.002 -20"><span class='ocrx_word' id='word_1_483' title='bbox 403 4905 426 4938; x_wconf 81' lang='lat'>⁸³</span> <span class='ocrx_word' id='word_1_484' title='bbox 444 4907 587 4976; x_wconf 53' lang='lat' dir='ltr'>Perpetem</span> <span class='ocrx_word' id='word_1_485' title='bbox 603 4905 660 4969; x_wconf 69' lang='lat' dir='ltr'>„ltu</span> <span class='ocrx_word' id='word_1_486' title='bbox 671 4905 773 4967; x_wconf 63' lang='lat' dir='ltr'>ialam</span> <span class='ocrx_word' id='word_1_487' title='bbox 786 4908 846 4957; x_wconf 83' lang='lat' dir='ltr'>add.</span> <span class='ocrx_word' id='word_1_488' title='bbox 859 4909 885 4957; x_wconf 73' lang='lat'>3.</span> 
     </span>
    </p>
   </div>
   <div class='ocr_carea' id='block_1_7' title="bbox 0 0 1964 5950">
    <p class='ocr_par' dir='ltr' id='par_1_9' title="bbox 0 0 1964 5950">
     <span class='ocr_line' id='line_1_44' title="bbox 0 0 1964 5950; baseline 0 0"><span class='ocrx_word' id='word_1_489' title='bbox 0 0 1964 5950; x_wconf 95' lang='lat' dir='ltr'> </span> 
     </span>
    </p>
   </div>
  </div>
 </body>
</html>
