3917 5950
460 391 597 444 CXXXII.
617 406 699 443 urrr.
713 388 751 442 ιἰι
763 406 842 443 esre.
857 407 891 444 ne
905 404 1009 442 arssss
1023 405 1076 442 reo
1090 405 1268 443 ruanarnsuo
1281 402 1431 443 srouoors.
1453 395 1509 440 tate.
1557 372 1631 447 297

343 561 417 636 Ouid
445 561 524 624 alind
553 568 612 631 est,
642 563 777 642 inquam,
804 562 893 640 sequi
908 560 1109 632 Pbalaridsm,
1132 562 1192 624 sive
1213 562 1361 625 Mercurio
1382 562 1457 624 duce
1478 562 1538 623 sive
1560 559 1703 623 cha-eo.

341 673 427 726 rente
457 672 574 726 rectore
603 673 670 744 agat
695 666 753 726 boc
781 663 899 744 aliquis,
929 683 1018 744 quam
1046 667 1134 744 impie
1163 674 1192 727 et
1219 652 1361 726 scelerdc
1391 666 1488 725 omnia
1519 665 1635 726 lacere?

342 765 409 846 ‘Sed
432 784 500 846 qne
521 765 569 827 ille
591 768 751 834 commisit,
774 765 840 826 talia
862 784 922 825 non
944 774 1028 827 sunt:
1059 767 1128 846 quid
1152 770 1222 828 tanti
1245 773 1288 827 est
1310 768 1387 827 enim
1409 785 1532 827 uxorem
1551 769 1635 827 amici
1709 769 1712 775 '

340 868 494 945 deperire;
528 868 578 929 ubi
601 886 655 945 per
677 868 757 928 illum
779 869 867 946 potiri
893 867 1057 938 nonlicet,
1087 872 1180 947 ipsum
1205 871 1242 929 ita
1266 868 1370 946 cupide
1392 870 1575 939 interficere,
1605 875 1637 930 ut

308 981 378 1030 sex
400 977 499 1031 morte
521 987 638 1048 quoqne
660 971 776 1031 satietas
798 988 857 1030 non
879 972 930 1039 sit;
964 970 1043 1030 illam
1066 972 1217 1050 abreptam
1239 973 1277 1030 ita
1301 969 1470 1048 complecti,
1500 978 1531 1031 ut
1552 989 1635 1030 suam

340 1089 466 1133 uxorem
488 1072 577 1155 domo
599 1073 714 1149 exigat?
747 1072 816 1150 quid
838 1074 910 1132 tanti
933 1079 976 1133 est
998 1074 1082 1139 item,
1114 1092 1129 1132 a
1159 1092 1217 1152 quo
1245 1072 1385 1134 liberatus
1407 1074 1472 1151 quis
1493 1073 1545 1141 sit,
1574 1074 1704 1132 eiusce

339 1171 452 1234 liberos
475 1173 799 1251 perdere‘l‘bominem
822 1175 1025 1244 innocentem,
1053 1174 1108 1233 sibi
1135 1176 1261 1234 amicum
1288 1181 1316 1233 et
1343 1174 1448 1243 lidum,
1476 1192 1563 1252 quem
1590 1192 1637 1234 ea·

339 1292 409 1336 rum
432 1274 582 1345 babuerit,
605 1274 709 1354 suique
731 1281 877 1336 amantem
900 1277 1006 1335 indicta
1030 1295 1116 1336 causa
1139 1277 1322 1345 interficere,
1346 1282 1494 1336 mortuum
1511 1283 1636 1353 raptare,

340 1383 490 1455 raptatum
512 1382 541 1436 et
562 1375 721 1438 laceratum
750 1376 945 1454 suspendere,
975 1395 1034 1436 non
1068 1378 1219 1456 indulgere
1248 1360 1427 1455 sepulturam
1455 1378 1636 1456 propinquis,

294 1486 334 1529 ¹⁰
343 1479 457 1557 lingere
480 1479 510 1538 in
532 1484 682 1538 mortuum
705 1480 833 1544 crimen,
862 1479 1031 1539 interimere
1054 1482 1176 1558 eosqui
1199 1479 1280 1539 illum
1303 1478 1441 1557 lugeant?
1474 1480 1705 1557 principemroa

343 1580 494 1642 foeminam
516 1597 641 1639 uxorem
664 1578 739 1640 male
768 1586 909 1648 tractare,
938 1579 1097 1640 crudeliter
1125 1582 1250 1650 babere,
1281 1583 1380 1642 conari
1407 1580 1515 1658 flagitio
1538 1587 1567 1640 et
1589 1582 1638 1641 de-

343 1682 453 1743 decore
475 1680 656 1759 pertundere
678 1682 821 1758 primum,
851 1680 956 1741 deinde
978 1699 1083 1758 parare
1107 1682 1255 1752 occidere,
1287 1682 1406 1743 demum
1435 1683 1537 1742 mortis
1559 1689 1639 1743 metu

344 1783 433 1844 domo
456 1785 579 1850 eiicere;
613 1784 730 1844 interim
752 1782 926 1843 sceleratum
949 1790 1095 1853 scortum,
1125 1783 1231 1844 lesdam
1259 1804 1293 1845 ac
1323 1787 1479 1845 immanem
1505 1783 1640 1862 pellicem

344 1886 373 1946 in
396 1887 463 1945 sinn
486 1892 603 1953 tenere,
632 1885 662 1944 in
685 1883 840 1962 complexu
864 1884 980 1953 lovere,
1011 1887 1074 1945 eius
1102 1884 1235 1945 osculum
1261 1884 1409 1954 lambere,
1439 1905 1504 1945 eam
1533 1886 1561 1946 in
1589 1885 1638 1945 illo

299 1984 493 2063 ¹⁸ceningali
524 1985 611 2045 thoro
632 1987 740 2046 'uxoris
769 1985 835 2046 loco
864 1986 992 2047 habers?
1029 1986 1097 2063 quid
1126 1989 1197 2047 tanti
1230 1994 1274 2047 est
1305 1986 1454 2065 suppliciis
1483 1987 1638 2047 exhaurire
1649 1996 1707 2046 §.nt-

345 2087 436 2148 urbes
458 2094 488 2146 et
509 2087 619 2164 pagos?
656 2105 774 2165 semper
800 2095 955 2166 torquere,
985 2106 1102 2165 semper
1130 2089 1278 2157 occidere,
1308 2091 1413 2165 iugiter
1441 2095 1469 2148 et
1496 2097 1639 2166 perpetuo

345 2207 466 2266 rapere,
487 2190 617 2266 grassari
640 2190 734 2259 ccede,
758 2189 857 2266 spoliis
880 2197 908 2249 et
930 2190 1089 2266 sangnine?
1123 2192 1308 2251 Germaniam
1332 2189 1484 2249 discordiis
1506 2189 1639 2267 implere,

346 2300 467 2351 externa
490 2290 647 2358 adversum
674 2308 728 2349 nos
756 2289 860 2350 auxilia
882 2291 1042 2359 advocare,
1072 2294 1195 2370 imperio
1219 2293 1401 2352 eversionem
1423 2291 1538 2351 moliri?
1571 2291 1709 2368 quidm

346 2394 416 2452 tanti
439 2399 565 2453 estnon
587 2409 705 2451 serrare
728 2391 830 2460 iidem,
863 2393 1064 2452 iusiurandum
1092 2393 1257 2471 negligere,
1289 2400 1372 2470 parta
1401 2392 1556 2462 dirimere,
1590 2393 1640 2453 lcu-

300 2494 418 2555 ”dera
440 2492 569 2561 solvere,
598 2492 697 2553 literas
724 2499 752 2552 et
773 2495 871 2571 signa,
900 2494 997 2553 datam
1025 2502 1054 2554 et
1081 2496 1281 2572 interpositam
1311 2495 1413 2562 tidem,
1442 2496 1585 2571 promissa
1614 2500 1643 2553 et

345 2597 438 2657 iurata
460 2613 522 2655 non
544 2593 642 2654 facere
663 2595 751 2655 unius
773 2593 874 2654 labaei'
898 2595 956 2654 Sed
979 2596 1048 2674 quid
1072 2614 1126 2673 ego
1150 2596 1185 2656 de
1208 2598 1323 2671 integro
1346 2613 1461 2655 causam
1489 2597 1564 2656 banc
1586 2604 1711 2673 ageses.

346 2697 464 2757 tecum?
500 2697 571 2756 satis
598 2702 643 2755 est
671 2695 729 2755 boc
755 2695 812 2756 dici
840 2696 1025 2757 Phalaridem
1053 2698 1136 2775 sequi
1163 2704 1193 2758 et
1219 2699 1336 2756 vincere
1370 2695 1432 2754 baec
1466 2698 1515 2774 qui
1548 2697 1642 2756 iaciat.

346 2799 521 2876 Quanquam
544 2802 588 2856 est
610 2796 650 2856 ibi
673 2797 820 2876 quoddam
842 2817 959 2866 meum,
984 2798 1093 2866 fateor,
1117 2805 1261 2865 erratum,
1286 2797 1364 2875 quod
1387 2815 1454 2857 enm
1484 2797 1562 2873 fingo
1588 2797 1643 2856 sub

347 2897 501 2959 Phalaride
523 2896 634 2958 scelera
657 2898 771 2959 discere
793 2900 842 2979 qui
865 2907 910 2959 est
931 2902 993 2978 ipse.
1016 2918 1104 2979 quam
1128 2898 1181 2959 luit
1209 2916 1338 2977 unquam
1360 2897 1492 2958 Phalaris
1519 2899 1644 2978 nequior

305 3006 378 3060 ”et
399 2999 583 3079 pestilentior
604 3006 755 3079 tyrannus.
800 3002 842 3062 Te
864 3020 935 3062 vero
957 3019 1055 3061 nonne
1079 3002 1210 3078 oportuit
1237 3002 1318 3078 prius
1346 2999 1488 3060 revellere
1517 3017 1550 3060 ea
1579 3001 1713 3078 qui-§.oe

346 3101 403 3163 bns
425 3102 462 3163 de
485 3100 599 3169 scribo,
623 3119 712 3180 quam
734 3104 830 3180 ipsum
853 3103 994 3162 damnare
1016 3103 1177 3180 scriptum?
1200 3102 1257 3162 but
1272 3101 1341 3179 quid
1357 3103 1419 3177 agis
1434 3120 1517 3162 meos
1532 3092 1645 3162 libellos

346 3203 533 3282 discerpens,
560 3201 640 3263 illam
668 3221 728 3263 non
755 3203 927 3281 improbans
957 3193 1045 3264 totam
1069 3204 1266 3282 Augustanam
1295 3204 1456 3272 actionem,
1490 3201 1558 3262 illud
1586 3221 1646 3262 non

346 3304 520 3365 rescindens
541 3304 720 3364 iudicatum?
751 3305 837 3366 liem-
853 3306 946 3382 ipsam
974 3324 1048 3381 non
1063 3305 1228 3383 improbaS,
1261 3307 1346 3365 inane
1374 3306 1515 3380 scriptum
1545 3300 1645 3380 perse-

347 3406 457 3483 queris.
503 3406 572 3483 quid
601 3411 714 3465 tautum
742 3405 859 3466 chartas
888 3406 973 3466 odisti
1002 3414 1030 3465 et
1052 3409 1266 3467 atramentum?
1301 3407 1351 3468 sed
1376 3407 1495 3474 metuis,
1519 3406 1542 3464 si
1565 3411 1646 3465 reeta

304 3513 453 3567 ”contra
476 3523 530 3565 nes
552 3524 616 3575 eas,
640 3508 797 3567 maiestatis
818 3516 847 3568 te
867 3525 907 3568 ne
929 3515 1060 3568 accersat
1082 3508 1193 3587 aliquis
1231 3516 1318 3587 atque
1340 3508 1396 3568 boc
1417 3506 1554 3585 estquod
1570 3507 1645 3575 dico,

346 3610 376 3669 in
405 3625 547 3685 magnum
574 3615 603 3668 tc
631 3608 790 3668 discrimen
818 3610 902 3669 ivisse
930 3610 1120 3686 prvecipitem.
1166 3610 1276 3682 Quodsi
1305 3609 1395 3670 nolim
1423 3610 1459 3689 de
1488 3628 1555 3668 meo
1583 3610 1647 3668 iure

347 3709 513 3770 concedere
535 3708 659 3788 aliquid,
684 3712 774 3770 sentis
796 3718 900 3788 quate
921 3713 983 3779 viu,
1014 3718 1122 3787 quanto
1144 3718 1193 3770 tuo
1217 3730 1283 3771 cum
1312 3710 1389 3770 malo
1418 3712 1556 3789 persequi
1578 3727 1645 3787 pos-

347 3813 421 3871 siml
450 3809 559 3870 Verum
580 3809 635 3871 alia
656 3818 850 3889 pertractasse
879 3814 975 3871 omnia
1007 3812 1120 3880 rideor;
1157 3814 1184 3871 in
1209 3832 1243 3871 eo
1266 3812 1362 3872 adlmc
1383 3812 1495 3878 haereo,
1512 3811 1594 3888 quid
1618 3817 1715 3876 terre.

349 3914 487 3981 moverit,
517 3918 550 3971 ut
571 3912 599 3971 in
620 3911 833 3973 Plralarismum
857 3913 1027 3972 deservires:
1060 3932 1096 3972 an
1119 3913 1270 3973 metuebas
1293 3932 1329 3972 nc
1352 3931 1399 3971 me
1421 3914 1579 3979 excitante,
1600 3929 1648 3970 mo

309 4013 505 4075 ³sbominum
528 4019 641 4074 mentes
660 4021 850 4091 permovente
873 4013 913 4073 illi
935 4014 1011 4075 male
1038 4021 1129 4083 esset,
1157 4022 1188 4074 tu
1213 4033 1264 4091 spe
1288 4021 1335 4073 tua
1357 4015 1457 4072 nescio
1479 4031 1537 4091 qna
1559 4012 1648 4088 [certe

320 4112 322 4116 ’
350 4115 568 4193 pedamen
588 4113 649 4194 tibi)
673 4115 839 4183 excideres,
868 4121 911 4183 et,
937 4117 1085 4175 sicerum
1116 4121 1159 4174 est
1186 4114 1264 4193 quod
1295 4113 1445 4172 ducentos
1466 4112 1517 4171 tibi
1543 4128 1649 4172 aureos

350 4216 494 4294 stipendio
513 4218 669 4294 quotannis
689 4215 834 4284 solvebat,
855 4215 938 4276 lucro
960 4219 1046 4276 etiam
1069 4234 1105 4275 ne
1128 4216 1278 4275 excideres
1293 4215 1363 4273 tuo'l
1391 4215 1463 4285 Quia
1480 4214 1558 4273 enim
1573 4212 1717 4285 Ger-§.vu

351 4335 452 4377 merres
475 4324 594 4377 nostros
614 4320 734 4395 ignoras
756 4325 787 4377 tu
808 4295 1073 4395 quantum'batiue
1097 4319 1189 4377 sciant
1209 4324 1237 4376 et
1256 4316 1372 4391 scriptis
1394 4321 1426 4375 ut
1448 4316 1559 4374 moveri
1581 4332 1648 4392 pos·

416 4535 519 4589 'omn
539 4535 607 4602 iae]
627 4538 724 4587 conari
743 4538 836 4587 omnia
853 4553 922 4587 corr.
936 4538 972 4587 II.
982 4540 1007 4587 2.
1084 4536 1094 4568 ⁸
1113 4552 1129 4585 e
1149 4533 1210 4601 qno]
1230 4539 1280 4585 nult
1292 4536 1390 4585 Ludos.
1404 4537 1550 4593 Huttenum,
1570 4537 1648 4583 inter-

350 4621 412 4683 fecti
428 4622 538 4674 Ioannis
553 4629 663 4687 patrem.
715 4619 813 4688 8[ιιίιῙς
827 4625 851 4671 1.
899 4622 920 4654 ¹⁹
939 4623 1049 4673 diruere
1064 4624 1088 4672 1.
1107 4621 1236 4671 dirimere
1254 4635 1323 4669 corr.
1338 4619 1408 4669 Η.2.
1462 4617 1484 4649 ἵ*
1502 4618 1609 4669 scelere
1622 4620 1648 4667 2.

353 4702 374 4735 ⁸⁴
389 4704 593 4773 pharartsmum
607 4709 632 4756 1.
685 4706 708 4740 ⁸⁸
727 4722 779 4773 quo
791 4708 819 4757 2.
868 4705 890 4739 ³⁸
909 4712 1042 4773 quantum
1059 4725 1128 4759 corr.
1143 4709 1178 4758 H.
1188 4709 1211 4755 2.
1282 4710 1313 4755 ut
1332 4706 1358 4753 1.
