3917 5950
185 2944 195 3012 l
259 2999 269 3008 .

387 620 434 692 36
471 633 559 685 XXII·
585 645 709 683 uvrrstu
721 646 758 681 AD
771 647 889 682 EY'I'BLV.
903 647 938 681 DE
951 647 1054 690 nnuma
1069 647 1097 681 lh
1111 648 1281 684 rnhuoutuc.
1293 647 1412 684 Anusu'r.
1427 648 1493 683 noe.
1507 649 1593 684 PRAEF.
1603 642 1663 683 titt.

386 794 655 882 ἐπιτετράφαται,
671 796 727 861 καὶ
742 792 845 862 τόσσα
859 797 1007 880 μέμηλε..
1025 803 1088 880 ipse
1104 820 1139 862 ex
1154 811 1247 864 semet
1262 803 1326 863 talis
1341 811 1385 864 est
1399 802 1492 881 qualis
1505 821 1569 864 esse
1584 803 1680 868 dehet.

388 915 417 968 et
437 905 538 986 quales
561 922 625 965 esse
640 904 741 980 paucis
762 902 857 961 adhue
880 896 1015 980 contigit:
1039 903 1112 963 adeo
1135 922 1238 965 omnes
1259 912 1328 964 srrnt
1349 906 1378 964 in
1400 903 1449 964 illo
1472 913 1584 965 naturae
1599 905 1683 964 dotes

331 1017 375 1066 §.t
388 993 508 1076 Eximiae,
532 1011 702 1065 ornamenta
718 1004 843 1064 lortmne
859 998 1096 1064 eunrrrlatissima.
1138 1005 1196 1065 Sed
1212 1013 1243 1065 ut.
1258 1007 1296 1065 sit
1309 1007 1486 1086 panegyrico
1500 1005 1599 1075 locus,
1622 1024 1681 1064 non

344 1108 347 1112 ’
388 1103 534 1188 emaum!
555 1107 649 1167 dicam
665 1105 702 1165 de
717 1103 766 1164 illo
782 1103 882 1182 plnra;
906 1104 941 1164 ad
958 1112 986 1164 te
1001 1112 1141 1198 revertar,
1158 1105 1325 1186 Eptelvolie,
1349 1122 1435 1186 quem
1458 1126 1513 1185 ego
1531 1126 1600 1167 reor
1622 1126 1680 1166 non

387 1215 450 1273 sine
462 1227 566 1288 magna
579 1208 703 1269 deorum
718 1205 926 1267 immortalium
943 1206 1120 1285 benignitate
1136 1208 1324 1269 coniunctum
1336 1208 1404 1269 huic
1416 1209 1549 1287 principi,
1563 1195 1607 1279 ὦς
1617 1201 1702 1268 aleis

331 1325 376 1375 §.a
387 1302 447 1374 τὸν
458 1300 577 1392 ὁμοῖον
589 1298 662 1388 ἄγει
672 1296 754 1380 θεὸς
765 1295 810 1380 ὣς
824 1296 884 1368 τὸν
898 1295 1027 1388 ὁμοῖον..
1050 1309 1175 1369 Possum
1186 1309 1352 1388 supplicare
1364 1310 1419 1370 diis
1430 1310 1488 1370 hoc
1505 1310 1542 1371 de
1561 1318 1589 1370 te
1604 1309 1682 1388 quod

387 1413 436 1475 ille
458 1414 495 1474 de
516 1431 570 1473 suo
593 1411 730 1471 Nestore:
757 1410 868 1469 utinam
891 1410 932 1468 tui
954 1409 1064 1471 similes
1079 1409 1187 1470 multos
1202 1410 1325 1471 haheret
1339 1410 1509 1470 Germania!
1531 1407 1588 1470 iam
1605 1412 1682 1471 enim

388 1515 507 1576 barbari
528 1532 592 1574 esse
606 1501 829 1577 desineremus,
856 1529 911 1570 nec
934 1513 1025 1571 nostri
1047 1530 1101 1571 nos
1124 1512 1263 1590 puderet:
1290 1511 1385 1572 dicam
1408 1514 1485 1571 erum
1508 1513 1628 1581 invitus,
1656 1520 1683 1571 et

319 1626 486 1686 §.letamen
509 1615 608 1676 dicere
631 1613 711 1674 iuhet
733 1631 816 1695 meus
838 1612 936 1682 dolor,
960 1612 1120 1674 multorum
1143 1612 1360 1673 detrimentum.
1398 1612 1484 1673 Vides
1506 1615 1607 1692 quiin
1631 1633 1683 1673 nn·

389 1716 552 1795 'mm
588 1724 681 1778 strum
697 1715 830 1775 ordinem
846 1715 964 1791 pessimi
979 1732 1079 1774 mores
1093 1715 1261 1785 invaserint,
1284 1722 1317 1776 ut
1337 1716 1386 1793 qui
1402 1715 1456 1774 hos
1471 1715 1683 1793 contemplatus
1694 1729 1718 1768 m

388 1821 489 1889 luerit,
511 1820 619 1879 rectius
634 1819 795 1879 Centauros
811 1834 898 1894 quam
914 1817 1027 1894 equites
1042 1816 1204 1877 Germanos
1219 1816 1338 1876 dixerit:
1361 1817 1493 1895 quisquis
1510 1817 1586 1876 eninr
1606 1834 1683 1876 nnnc

387 1921 483 1982 studia
505 1920 656 1981 literarum
680 1917 764 1979 honae
787 1916 892 1978 indolis
914 1916 1087 1978 adulescens
1109 1919 1249 1997 sequitur,
1273 1937 1341 1979 eum
1362 1918 1402 1979 illi
1425 1919 1521 1977 statim
1544 1925 1683 1995 tarnpram

388 2030 520 2083 exortunr
540 2022 635 2082 omnis
658 2019 818 2098 dignitatis.
835 2018 878 2078 'ah
895 2019 1070 2097 imaginihus
1086 2021 1230 2080 maiorum
1244 2038 1367 2081 suorum
1385 2020 1561 2097 degenerem
1583 2036 1618 2078 ae
1640 2019 1684 2078 sni

388 2122 558 2183 dissimilem
574 2123 734 2200 despicatui
749 2119 873 2189 habent;
891 2139 958 2182 eum
974 2121 1079 2191 rident,
1097 2140 1164 2181 eum
1175 2121 1365 2189 subsannant,
1382 2122 1407 2181 ei
1418 2121 1547 2181 medium
1561 2120 1683 2198 digitum

388 2224 554 2285 ostendunt.
592 2243 651 2303 quo
674 2226 782 2284 lactum
805 2230 863 2291 est,
887 2230 918 2282 nt
939 2223 995 2282 iam
1015 2222 1098 2283 multi
1113 2225 1162 2302 qui
1177 2206 1283 2301 procul
1296 2205 1386 2284 dubio
1402 2221 1552 2283 clarissimi
1568 2223 1681 2282 evasuri
1695 2236 1717 2274 u

389 2334 487 2395 erant,
509 2332 589 2386 retro
605 2325 710 2403 pedem
726 2323 903 2384 contulerint
917 2342 952 2384 ac
967 2322 1077 2402 vulgari
1092 2325 1220 2402 opinioni
1241 2325 1431 2387 adhaeserint:
1453 2342 1570 2403 possem
1591 2325 1684 2383 norni-

321 2451 339 2501 ς,
349 2452 381 2496 n.
391 2425 507 2510 cmm}
531 2444 602 2486 nare
617 2425 739 2504 ahquos,
756 2431 786 2485 et
801 2432 831 2484 tn
848 2415 942 2501 rillisti
957 2424 1194 2487 innumerabiles.
1222 2425 1292 2486 lllos
1306 2445 1375 2487 vero
1388 2433 1544 2487 centauros
1556 2425 1685 2505 ‹puritidie

282 2616 287 2625 .
341 2602 343 2608 Ι
389 2529 524 2590 audimus
546 2526 631 2587 nohis
653 2526 866 2604 obstrepentes,
890 2534 918 2585 et.
933 2533 966 2585 ut
983 2532 1051 2586 sunt
1071 2518 1187 2606 νήπιοι
1209 2516 1389 2610 ἀγροιῶται
1411 2521 1574 2608 ἐφημέρια
1597 2545 1685 2605 φρο-

389 2625 539 2706 νέοντες,
556 2648 588 2689 se
603 2627 681 2687 solos
696 2634 812 2705 putant,
832 2628 861 2686 iu
877 2644 951 2704 quos
965 2628 1069 2705 reponi
1085 2628 1190 2690 debeat
1204 2632 1299 2690 omnis
1313 2631 1415 2708 patriae
1430 2648 1497 2708 spes
1514 2648 1549 2690 ac
1564 2629 1684 2691 fiducia:

391 2749 444 2810 per
466 2750 497 2792 se
520 2748 595 2790 rrrros
616 2730 712 2789 omnia
736 2729 815 2789 domi
837 2729 966 2807 lorisque
989 2731 1118 2807 gerenda
1140 2750 1205 2792 esse
1227 2739 1393 2802 autumant;
1416 2751 1448 2792 se
1472 2730 1550 2791 solos
1572 2729 1685 2817 nobiles
1693 2745 1719 2786 ιο

391 2834 564 2924 existimant,
581 2833 650 2893 caeci
666 2831 780 2892 medius
794 2831 880 2893 lidius
895 2820 1001 2902 obtusi,
1018 2839 1048 2892 et
1055 2831 1218 2894 Cimmeriis
1234 2832 1362 2894 tenebris
1378 2833 1553 2894 hebetiores.
1577 2834 1685 2911 Λαμια-

322 2954 457 3014 mrum
479 2934 613 2996 moribus
635 2941 666 2996 tu
687 2933 823 3014 intelligis
845 2942 987 3014 quantum
1014 2933 1174 2996 abhorreat
1199 2952 1284 2997 meus
1305 2934 1426 3014 gentilis
1445 2934 1592 2996 l'rohinus
1613 2934 1687 2995 llnt=

389 3033 598 3121 fflssffiffijl
619 3046 721 3106 tenus;
745 3056 812 3098 nam
828 3052 895 3098 cum
918 3036 1017 3098 literas
1038 3038 1163 3116 ignoret,
1187 3055 1220 3097 ea
1243 3055 1301 3115 qua
1323 3036 1405 3097 multi
1428 3038 1564 3098 iniuriae
1583 3037 1687 3096 studiis

390 3138 460 3200 olim
482 3140 651 3207 distractus,
674 3139 712 3198 ita
734 3146 832 3199 tamen
855 3139 892 3200 de
914 3137 1005 3198 literis
1027 3157 1062 3199 ac
1082 3138 1204 3200 literatis
1225 3137 1361 3200 omuibus
1383 3140 1471 3199 sentit
1492 3159 1526 3200 ae
1547 3138 1685 3217 loquitur,

392 3242 474 3302 utin
496 3241 598 3302 studiis
620 3239 771 3301 literarum
793 3238 936 3300 coaluisse
958 3239 1078 3301 credas:
1101 3259 1136 3301 ea
1158 3248 1202 3301 est
1224 3258 1293 3319 erga
1315 3250 1418 3302 omnes
1439 3241 1628 3309 humanitate,
1651 3255 1719 3300 tuas

390 3344 420 3403 in
443 3342 569 3403 iurando
591 3361 640 3403 me
662 3342 840 3420 benignitate
862 3361 896 3402 ac
918 3342 1115 3402 munificentia
1143 3350 1317 3421 perspectus
1338 3350 1396 3403 est:
1425 3350 1454 3403 et
1481 3343 1598 3422 quando
1626 3360 1685 3401 non

393 3444 487 3504 vidisti
502 3444 581 3504 lmrrc
596 3445 850 3523 ingemiscentem,
866 3445 982 3522 quoties
996 3445 1025 3504 in
1041 3462 1174 3505 mearum
1189 3443 1385 3505 calamitatum
1397 3445 1548 3506 historiam
1560 3444 1685 3523 aliquam

393 3546 511 3606 incidit?
527 3545 644 3624 quando
658 3563 718 3605 nen
733 3545 924 3622 reprehendit
938 3545 1056 3608 illorum
1071 3545 1227 3607 stulticiam
1243 3565 1277 3607 ae
1294 3546 1472 3625 superbiam,
1489 3548 1538 3625 qui
1561 3566 1593 3607 se
1608 3547 1686 3624 ipsos

325 3676 344 3726 ς,
351 3676 384 3720 1³,
393 3648 530 3725 ignorant
544 3655 573 3707 et
589 3646 682 3706 bonos
697 3647 905 3708 contemnunt?
921 3665 1056 3726 namque,
1072 3656 1105 3708 ut
1120 3648 1205 3718 nosti,
1222 3636 1265 3709 οὐ
1279 3644 1361 3720 νοῦς
1376 3642 1425 3708 ἐνὶ
1439 3639 1684 3726 ιιενταύροισι-ν.

393 3746 522 3831 fflffl
544 3748 590 3808 Tu
604 3766 675 3807 vero
691 3766 766 3808 unus
781 3767 797 3809 e
812 3750 913 3827 paucis
928 3757 1035 3828 quama
1050 3749 1196 3811 loelicitate
1211 3750 1386 3811 coniunxisti
1401 3749 1478 3821 haec,
1500 3751 1620 3829 negocia
1643 3750 1685 3808 rei
1695 3763 1721 3802 ao

394 3848 526 3910 militaris
541 3857 571 3909 et
585 3849 682 3909 ocium
697 3849 784 3910 studii
799 3849 968 3911 literarum?
990 3870 1055 3930 quae
1071 3858 1099 3911 te
1114 3851 1242 3912 historiae
1261 3849 1369 3912 latent?
1390 3870 1463 3931 quas
1478 3851 1591 3913 lahulas
1606 3852 1686 3929 igno-

325 3977 343 4028 ς,
353 3976 384 4022 n.
394 3948 523 4035 meaios}
546 3950 612 4010 rasi
634 3969 699 4029 quae
714 3952 843 4012 carmina
865 3970 923 4011 non
939 3951 1052 4031 legisti?
1074 3952 1232 4013 Prudentia
1247 3970 1316 4012 vero
1333 3961 1362 4013 et
1375 3971 1475 4014 rerum
1491 3953 1687 4033 gerendarum

394 4054 498 4133 peritia
518 4054 548 4113 in
569 4061 597 4114 te
617 4052 715 4113 notior
737 4059 795 4122 est,
818 4072 906 4131 quam
922 4061 954 4114 ut
969 4072 986 4113 a
1000 4071 1048 4114 me
1063 4053 1149 4133 prodi
1164 4053 1285 4116 debeat:
1309 4053 1396 4116 talem
1413 4062 1444 4116 te
1465 4054 1542 4132 apud
1563 4054 1687 4114 imietis·

394 4156 501 4217 simum
512 4156 656 4217 Caesarem
667 4153 895 4216 Maximilianum
911 4154 1096 4233 praestitistis
1107 4154 1156 4215 tali
1172 4163 1200 4216 te
1214 4174 1287 4217 usus
1306 4163 1351 4217 est
1362 4156 1526 4217 loachimus
1543 4156 1686 4221 hlarcliio;

394 4257 458 4318 talis
476 4258 554 4336 apud
569 4258 649 4319 hunc
660 4255 814 4318 Alhertum
829 4256 953 4317 maxima
968 4256 1101 4317 omnium
1115 4266 1249 4319 nocuum
1265 4258 1387 4318 utilitate
1403 4266 1432 4319 et
1446 4257 1615 4337 reipublicae
1628 4257 1687 4317 llo-
1697 4271 1722 4311 sa

397 4377 599 4387 --—-.

393 4443 453 4494 Non
465 4444 548 4494 docet
560 4461 609 4510 per
624 4451 713 4497 totam
725 4450 835 4496 noctem
846 4444 964 4494 dormire
978 4443 1163 4495 consultorem
1175 4445 1279 4509 virum,
1298 4445 1344 4494 cui
1362 4449 1391 4495 et
1404 4444 1498 4511 populi
1511 4446 1650 4496 commissi
1661 4452 1689 4495 et

394 4532 474 4577 tante
485 4530 607 4580 curanda
619 4537 691 4581 sunt.
727 4528 737 4562 ⁴
750 4531 869 4581 refertur
878 4532 904 4580 2.
940 4518 1001 4588 ⁵033
1013 4523 1072 4580 αἰεὶ
1084 4545 1110 4580 ιι.
1117 4545 1141 4580 τ.
1149 4527 1183 4595 2.]
1195 4530 1307 4580 Homer.
1314 4528 1366 4579 Od.
1372 4529 1459 4581 XVII.
1467 4530 1525 4580 218.
1539 4537 1570 4581 ut
1581 4546 1690 4597 semper

394 4612 515 4662 similem
527 4613 605 4663 ducit
616 4615 683 4664 dous
696 4615 732 4665 ed
747 4613 875 4665 similem.
927 4614 938 4647 ⁷
953 4614 1013 4680 jem
1025 4629 1123 4681 nempe
1135 4617 1161 4666 2.
1215 4614 1226 4646 ⁸
1243 4615 1372 4680 puderet,
1391 4630 1490 4681 nempe
1505 4617 1609 4667 invitus
1622 4622 1650 4666 et
1663 4619 1687 4664 2.

393 4700 448 4745 atne
468 4711 552 4745 sensu.
622 4695 642 4728 ¹’
660 4696 732 4761 eum]
746 4702 838 4749 eum2.
909 4698 930 4732 ¹⁸
948 4691 1047 4766 νήπιοι
1065 4690 1129 4765 cipp.
1149 4692 1235 4766 ἐφημ.
1255 4694 1350 4764 gisem]
1369 4699 1480 4750 Homer.
1494 4700 1546 4751 Od.
1559 4702 1632 4751 XXI.
1646 4702 1687 4751 ὣ.

394 4779 473 4829 stulti
485 4778 596 4838 nautici,
610 4793 670 4842 ques
683 4783 764 4830 unius
776 4782 834 4832 diei
846 4789 910 4834 sunt
922 4786 1088 4849 cogitantes.
1140 4783 1163 4817 ¹⁵
1181 4783 1330 4834 stultitiam
1337 4786 1362 4833 2.
1404 4784 1426 4817 ²⁰
1444 4774 1479 4835 ου’
1492 4784 1560 4845 νοῦς
1571 4802 1597 4836 ιι.
1615 4802 1639 4835 τ.
1653 4784 1688 4850 t]

395 4879 449 4914 non
466 4865 540 4914 inest
557 4863 630 4912 ratio
642 4864 798 4915 Centauris.
835 4869 866 4916 ln
883 4868 1053 4933 Diogenioni
1070 4871 1224 4934 paroemiis,
1243 4873 1315 4920 cent.
1326 4870 1372 4919 Vl.
1387 4869 1477 4920 n⁰.8⁴.
1497 4877 1540 4920 est
1558 4869 1638 4928 Νοῦς
1655 4886 1689 4920 ου

395 4942 473 5015 παρὰ
486 4940 669 5015 Κενταύροις.
716 4948 739 4982 ³⁰
759 4952 873 5015 negotis
890 4959 915 5001 et
933 4953 1052 5010 etiumt.
1103 4952 1126 4986 ⁸¹
1143 4952 1219 5019 vere]
1238 4955 1337 5005 verat.
