3917 5950
429 672 566 725 cxxxn.
587 690 669 725 usur.
683 689 719 724 no
733 688 811 722 reru.
826 689 860 723 ne
875 689 978 723 ai'ssrs
993 690 1045 723 ruo
1059 690 1238 726 rureeursuo
1250 691 1400 727 rronoonc.
1422 685 1481 728 1519.
1530 664 1603 736 293

309 845 381 905 iram
404 845 527 914 metuis,
551 862 639 924 quarn
662 845 777 903 interim
802 846 978 921 potentiam,
1009 865 1082 924 quas
1104 847 1193 917 vires,
1223 866 1288 926 quae,
1310 848 1474 910 Gerrnaniae
1496 849 1604 912 robora

310 958 457 1012 commota
480 950 602 1017 reddas.
626 968 685 1029 quo
708 968 766 1009 non
790 949 903 1009 invidia.
925 950 998 1018 iarn,
1023 950 1073 1009 sed
1097 968 1155 1028 quo
1178 950 1354 1009 discriminis
1375 952 1461 1011 etiarn
1477 953 1605 1013 adducas

310 1071 377 1113 enm
401 1053 449 1113 cni
471 1053 514 1112 sie
536 1052 704 1129 importune
727 1050 874 1111 consulis?
902 1052 981 1129 atqui
1012 1050 1165 1110 consulere
1187 1070 1246 1110 non
1270 1058 1313 1111 est
1335 1053 1461 1113 reddere
1484 1053 1673 1114 invidio-idi·

308 1172 388 1223 sum,
412 1155 511 1214 iacere
533 1152 693 1213 obnoxium
716 1153 798 1222 odie,
822 1170 946 1213 onerare
968 1153 1139 1220 inimicitiis;
1170 1152 1323 1213 consulere
1345 1172 1404 1213 non
1426 1162 1470 1214 cst
1484 1157 1507 1214 si
1524 1158 1606 1216 cuius

293 1257 430 1316 tnomine
452 1254 610 1316 veientium
633 1255 785 1314 hominurn
808 1256 966 1333 potentiam
992 1255 1103 1320 irrites,
1126 1255 1318 1314 intensionem
1342 1274 1471 1334 quaeras,
1495 1256 1604 1317 betium
1690 1298 1693 1303 -

309 1356 429 1418 excites.
475 1374 571 1435 neque
592 1356 644 1417 tibi
667 1363 711 1417 est
733 1355 805 1425 hoe,
835 1357 969 1434 inquam,
1000 1355 1169 1424 consulere,
1193 1375 1289 1434 neque
1311 1356 1367 1423 iiii:
1403 1358 1453 1417 sed
1477 1357 1605 1419 tibi'inr·

309 1458 413 1536 primis
443 1458 656 1536 pemiciesum:
694 1476 795 1518 rerum
824 1466 868 1518 cst
898 1458 973 1517 euim
1004 1464 1088 1517 retus
1122 1458 1271 1533 adagium,
1306 1458 1423 1519 ‘bialum
1453 1459 1605 1519 consitium

308 1558 470 1619 consultori
493 1558 671 1636 pessimum'.
708 1558 793 1647 Quod
815 1559 851 1618 ad
874 1558 954 1618 ilium
978 1559 1120 1636 pertinet,
1144 1559 1227 1619 valde
1243 1561 1433 1620 conueniebat
1454 1568 1483 1620 te
1505 1559 1673 1622 rideret-³⁵·

308 1661 378 1739 qnid
408 1661 549 1721 suaderes
577 1661 603 1720 ei
631 1661 678 1721 cui
706 1661 748 1719 sie
776 1659 920 1720 obnoxius
948 1680 993 1730 es,
1024 1668 1057 1721 ut
1079 1663 1187 1739 optima
1211 1661 1333 1730 debeas,
1363 1662 1468 1741 quidve
1490 1681 1545 1740 pro
1568 1683 1603 1723 ee

293 1763 399 1823 tiacies
421 1763 471 1841 qui
486 1779 541 1839 pro
563 1760 728 1840 periculum
750 1761 835 1822 decet
856 1761 937 1822 edire
953 1769 995 1830 te,
1019 1781 1077 1821 non
1101 1765 1182 1840 quasi
1206 1782 1240 1822 ex
1264 1780 1296 1823 re
1319 1763 1375 1823 boe
1398 1764 1488 1841 ipsius
1517 1765 1604 1825 fucrit

306 1863 473 1943 periculum
496 1864 521 1924 ei
544 1881 707 1924 accersere.
752 1863 914 1932 Quinetiam
940 1871 971 1923 ut
993 1863 1090 1923 videas
1113 1864 1206 1943 qualis
1234 1883 1288 1942 ego
1315 1860 1465 1925 consuitur
1493 1868 1548 1926 sim
1575 1867 1672 1926 eti-³⁰·

308 1986 395 2046 quam
419 1984 479 2025 non
502 1967 669 2043 permittam
692 1971 721 2025 te
743 1967 772 2024 in
795 1982 929 2026 errorem
944 1966 1100 2026 ¹adducere
1123 1986 1189 2026 eum
1213 1966 1260 2026 cui
1283 1968 1368 2026 etiam
1388 1985 1434 2026 me
1450 1967 1603 2028 eonsilium

307 2068 378 2129 dare
400 2067 555 2146 perdecet,
585 2067 713 2144 primurn
736 2067 803 2145 quia
836 2067 1016 2127 Francorum
1046 2068 1208 2145 principem
1237 2087 1378 2147 agnosce,
1409 2068 1514 2129 deinde
1537 2070 1603 2147 quia

307 2186 366 2229 non
390 2175 521 2230 extrema
544 2168 692 2228 affinitatis
720 2167 794 2228 iinca
817 2167 914 2235 iilum,
945 2176 1198 2248 quantuscprantns
1228 2178 1286 2239 est,
1316 2170 1440 2247 attinge,
1470 2171 1543 2230 adeo
1573 2179 1604 2231 nt

293 2275 407 2332 '’tecum
431 2269 674 2348 expostrdandum
697 2289 712 2328 a
736 2288 783 2330 me
806 2271 915 2339 veniat,
944 2270 981 2331 dc
1004 2280 1054 2330 tuo
1083 2270 1159 2331 iacto
1181 2270 1226 2330 rei
1253 2270 1372 2332 atterius
1394 2272 1527 2331 nomine:
1557 2273 1671 2332 ‹tieeee

307 2372 395 2441 mibi,
424 2391 484 2451 quo
512 2371 591 2449 rapis
619 2372 831 2449 pientissimum
863 2372 1049 2450 episcopum,
1084 2373 1269 2432 innocentem
1298 2372 1480 2433 Francorum
1510 2373 1603 2434 demi-

307 2474 396 2535 num?
425 2492 485 2552 quo
508 2474 587 2551 rapis
609 2473 726 2533 aiiinem
749 2491 848 2533 meum
871 2475 1052 2551 prinoipem?
1081 2492 1134 2534 cur
1156 2475 1185 2533 in
1209 2473 1366 2533 discrimen
1389 2474 1528 2534 abducis?
1551 2494 1604 2534 eur

308 2575 333 2636 ei
347 2566 407 2654 ‘qui
429 2576 540 2635 otiosus
568 2593 631 2635 esse
659 2581 770 2652 potest,
801 2576 951 2652 negotium
975 2575 1111 2635 facessis?
1144 2594 1197 2634 cur
1220 2576 1245 2635 ei
1269 2575 1318 2654 qui
1340 2573 1529 2653 tranquillum
1552 2575 1603 2635 ha-

308 2675 372 2743 bet.
396 2682 601 2754 tempestatem
624 2675 757 2736 inducis?
792 2695 845 2736 cur
867 2676 957 2736 rcirus
978 2677 1053 2737 nrire
1076 2675 1196 2754 placidis
1223 2683 1252 2736 ct
1279 2677 1448 2753 compositis
1472 2684 1504 2736 tu
1526 2678 1602 2737 sedi-

293 2777 416 2838 ttionem
446 2795 561 2845 moros,
591 2784 624 2837 tu
653 2776 755 2837 turbas
784 2777 914 2837 excitas?
945 2777 1030 2838 iiisce
1051 2778 1169 2838 tractem
1191 2779 1262 2837 istos
1282 2784 1349 2836 tues
1378 2778 1525 2838 moderari
1547 2782 1672 2838 imi-³⁸.

306 2886 408 2956 petus,
432 2879 515 2938 istam
538 2879 719 2957 praeeipitem
742 2878 859 2938 frenare
883 2879 965 2938 iram.
1005 2886 1054 2939 aut
1076 2880 1099 2938 si
1124 2880 1296 2939 constituisti
1311 2878 1384 2938 nibil
1400 2879 1504 2938 rationi
1521 2880 1601 2947 dare,

306 2981 403 3041 omnia
428 2982 578 3059 cupiditati
601 2980 779 3050 concedere,
803 2981 881 3041 serre
904 2999 962 3040 uon
986 2975 1148 3059 poterimus
1169 2988 1201 3041 ut
1224 2981 1280 3041 laec·-
1301 2981 1390 3041 iaeias
1406 2997 1508 3039 eorum
1525 2979 1602 3039 cneio

306 3080 351 3142 rel
374 3081 507 3160 periculo
528 3082 646 3152 saitem,
671 3101 745 3161 quos
767 3100 852 3143 ceros
874 3082 1033 3150 babemus,
1058 3101 1131 3161 quos
1154 3081 1290 3151 colimus,
1315 3082 1421 3162 quibus
1440 3081 1515 3140 bene
1531 3100 1600 3142 con·

306 3182 417 3244 snitrnu
433 3182 574 3244 volumus.
614 3183 751 3261 intelligis
773 3184 862 3260 igitur
885 3190 993 3261 quanto
1017 3184 1189 3267 prudentius
1211 3190 1379 3261 qrrantoque
1402 3203 1436 3243 ex
1460 3183 1515 3242 fide
1539 3198 1669 3247 nra-§.ae

293 3285 350 3362 igis
373 3284 525 3346 consulem
548 3303 603 3363 ego
630 3285 688 3353 ilii,
718 3286 767 3363 qui
795 3285 852 3345 hoe
880 3291 962 3345 struo
992 3292 1023 3344 ut
1050 3286 1153 3345 invidia
1182 3294 1294 3345 temere
1320 3302 1373 3362 per
1399 3292 1428 3344 te
1458 3285 1599 3345 concitata

305 3387 384 3464 apud
407 3386 622 3447 confoderatos
644 3394 673 3446 et
695 3385 883 3446 Wilbotmum
911 3389 1074 3464 principem
1101 3387 1258 3453 liberetur,
1288 3404 1375 3463 quam
1398 3393 1430 3446 tu
1453 3387 1501 3465 qui
1524 3404 1600 3463 prae-

294 3495 423 3566 postera
446 3494 494 3548 tua
518 3489 651 3547 cautione
679 3489 708 3546 in
732 3488 896 3565 periculum
919 3507 1014 3548 rocas.
1059 3488 1156 3558 Quare
1186 3490 1273 3548 etiam
1301 3487 1377 3547 iliius
1405 3488 1669 3550 iunocentiarntu.

306 3595 406 3658 tneor,
430 3607 489 3648 non
504 3589 601 3649 minus
616 3608 704 3669 quam
720 3596 786 3649 tues
801 3591 986 3667 importunos
1009 3591 1135 3667 impetus
1158 3609 1280 3649 accuso:
1309 3590 1505 3669 nequeenim
1528 3589 1601 3648 scie·

307 3690 356 3750 bet
379 3691 441 3768 ipse.
464 3690 533 3769 quid
557 3697 587 3751 tu
612 3689 738 3760 iaceres,
762 3708 873 3769 neque,
898 3700 929 3751 ut
952 3692 1070 3770 opiner,
1095 3692 1118 3750 si
1142 3692 1347 3768 presciviffiet,
1380 3709 1439 3750 nen
1461 3692 1601 3750 interces-

293 3805 372 3852 tsum
396 3798 453 3852 tuse
476 3798 552 3852 esset
574 3791 716 3860 arniaciae;
750 3792 935 3852 nectarium
964 3800 1047 3853 tunm
1075 3792 1224 3871 probarit,
1254 3793 1305 3853 scd
1334 3799 1366 3852 ut
1395 3793 1496 3853 debuit
1523 3811 1601 3869 aegre

306 3892 380 3953 tulit.
425 3892 551 3952 Proinde
581 3899 660 3953 metu
691 3912 793 3953 cacare
823 3894 911 3955 iubeo
942 3901 968 3954 et
998 3913 1013 3952 a
1043 3894 1189 3971 periente,
1223 3913 1280 3974 cpio
1310 3902 1340 3954 tu
1372 3912 1505 3962 rocaras,
1538 3912 1601 3953 esse

306 3991 448 4063 liberum,
471 3994 619 4073 invitoque
640 3994 692 4054 tibi
716 3996 807 4073 eripio
831 4015 913 4064 cum,
946 4016 1033 4074 quern
1063 3997 1086 4054 si
1119 4016 1177 4075 quo
1200 3997 1242 4055 ris
1263 3996 1437 4073 protrahere
1459 3995 1510 4053 tibi
1533 3993 1600 4053 iice-

307 4101 367 4160 ret.
391 4096 447 4181 iam
472 4096 611 4173 perderes
632 4097 738 4155 statim.
784 4097 820 4155 m
843 4103 873 4156 tu
897 4098 1013 4157 interim
1037 4117 1095 4176 qno
1118 4096 1183 4157 ioco
1206 4097 1255 4155 es?
1287 4097 1434 4174 qrrcmrodo
1457 4096 1507 4153 tibi
1531 4113 1669 4162 con-en.

308 4195 442 4256 suinisti?
479 4214 576 4256 nonne
611 4197 697 4257 buius
732 4215 804 4273 ergo
841 4200 920 4276 qnod
958 4198 1184 4276 prudentissime
1221 4197 1317 4257 iacere
1351 4197 1440 4256 rideri
1474 4195 1600 4262 volebas,

293 4295 440 4357 somnium
463 4299 570 4374 passim
593 4298 780 4359 sermonibus
802 4299 939 4377 rapidas?
974 4299 1080 4360 ‘iiiuc’
1103 4301 1145 4359 ais
1168 4313 1232 4375 ‘ege
1254 4296 1338 4358 snm'.
1384 4297 1504 4374 Opinor.
1549 4294 1600 4355 sed

310 4417 364 4478 ego
385 4400 428 4458 sie
451 4417 516 4459 esse
538 4397 643 4467 nolim,
667 4406 697 4460 et
718 4400 769 4460 tibi
792 4408 905 4468 metuo,
930 4420 997 4461 cnm
1019 4408 1051 4460 tu
1075 4420 1121 4460 me
1144 4400 1269 4458 vicissim
1292 4399 1402 4467 oderis,
1427 4398 1525 4456 actui
1547 4398 1600 4474 mi·

308 4517 409 4562 sereor
431 4501 481 4579 qui
503 4507 562 4560 tarn
585 4499 662 4560 nulla
686 4501 819 4579 adigente
841 4503 1027 4570 necessitate,
1052 4500 1129 4561 nuila
1145 4481 1285 4560 suadente
1301 4517 1404 4568 causa,
1427 4498 1479 4557 sed
1500 4505 1601 4575 tuapte

308 4602 454 4663 voluntate
476 4603 519 4663 sic
541 4601 712 4680 impeditum
735 4611 764 4663 te
787 4603 906 4672 reddes,
934 4599 1078 4681 prudens,
1109 4605 1203 4661 sciens
1224 4600 1384 4678 ridensque
1411 4601 1440 4659 in
1466 4607 1526 4659 tarn
1548 4617 1598 4677 pe·

370 4823 382 4854 ¹
401 4821 475 4873 Geli.
488 4796 661 4884 N.A.li⁴.5,t.
699 4822 720 4853 ¹⁰
739 4824 784 4887 qui
798 4840 846 4888 pro
860 4823 982 4887 periculo
997 4827 1021 4871 2.
1042 4822 1149 4878 (scilicet
1161 4838 1211 4871 raon
1223 4823 1359 4878 didicerat,
1381 4821 1426 4886 qui
1439 4836 1487 4886 pro
1500 4837 1555 4870 esse
1568 4840 1601 4863 =

305 4923 351 4974 pro
368 4907 435 4974 quo)
500 4905 522 4938 ¹²
540 4922 601 4957 oum
620 4906 675 4973 eui]
694 4913 837 4974 episcopum
860 4909 1103 4973 it'r'rcetmrpeusem.
1174 4905 1193 4937 ¹³
1213 4921 1452 4971 ognosco=eun1
1472 4922 1601 4972 agnosco.

306 4988 326 5023 ¹⁴
344 4997 574 5059 quantuscunque
587 4995 613 5043 2.
667 4994 687 5026 ¹⁹
705 4993 818 5061 placitis
830 4995 855 5041 2.
906 4991 927 5024 ¹¹
948 4995 1067 5043 sroenere
1080 4996 1106 5042 2.
