3917 5950
279 670 797 724 CXXXVI.msrrunnocnsre.sr.
828 670 990 722 cxxxvn.
1004 685 1097 722 mrsu.
1111 685 1360 723 annumeremur.
1376 680 1436 725 15¹9.
1491 656 1564 731 305
1602 661 1607 668 ¹

279 847 382 903 entiam
406 845 483 903 nullo
505 854 587 921 pacto
610 845 683 902 lerre
705 845 871 919 potuissem,
898 844 950 900 nisi
973 844 1079 920 scripta
1098 844 1175 918 prius
1198 862 1228 901 ea
1256 844 1383 919 legissem
1412 847 1511 921 quibus
1532 849 1565 904 ad

279 935 339 989 lanc
362 931 552 1006 intemperiem
574 930 735 986 videbantur
757 930 871 985 ellerati.
915 947 961 985 eas
985 929 1070 1001 igitur
1092 945 1147 985 non
1169 929 1285 1004 simplici
1307 948 1367 987 eum
1389 931 1485 988 dolore
1500 933 1565 1006 legi,

279 1032 344 1074 tune
366 1015 492 1109 illorum,
515 1032 587 1072 nuuc
611 1022 683 1070 tuam
705 1015 789 1071 ricem
806 1014 1001 1087 ingemiscens,
1024 1013 1138 1069 subinde
1154 1021 1278 1070 metuens
1293 1032 1327 1071 ne
1342 1015 1421 1072 bonis
1437 1024 1465 1072 et
1479 1018 1565 1091 aequis

279 1099 335 1157 nris
359 1102 416 1156 tanl
438 1099 534 1158 acerba
555 1100 676 1157 convicia
699 1117 754 1155 non
778 1099 888 1154 omnino
916 1094 1158 1154 irPimmerentem
1185 1106 1312 1155 contorta
1339 1100 1509 1165 viderentur:
1538 1109 1567 1158 et

279 1193 363 1242 umen
386 1184 451 1241 illos
473 1184 621 1242 iudicabam
646 1184 786 1257 indignos,
809 1201 824 1239 a
847 1183 1101 1257 quibus‘eiusmodi
1117 1182 1316 1246 scriberentur,
1340 1192 1368 1240 et
1383 1192 1410 1240 te
1425 1185 1565 1260 cupiebam

282 1268 415 1343 ndignum
438 1269 521 1326 rideri
545 1270 573 1324 in
596 1285 677 1342 quem
700 1267 899 1325 scriberentur:
930 1285 990 1323 nam
1014 1268 1107 1341 paucis
1129 1274 1192 1323 ante
1214 1266 1310 1324 diebus
1332 1269 1453 1330 exierant
1480 1268 1566 1326 libelli

280 1353 344 1415 lno.
368 1370 488 1427 quorum
510 1353 598 1409 altero
622 1370 765 1427 oppugnas
787 1351 972 1408 Cabalistieam
996 1351 1156 1426 Capnionis,
1182 1351 1269 1408 altero
1292 1354 1442 1427 respondes
1464 1354 1496 1409 iis
1520 1355 1567 1429 qui

279 1437 387 1494 student
409 1436 554 1512 Capnioni,
577 1438 655 1494 cuius
677 1437 785 1512 phrasis
809 1445 898 1492 tamen
921 1437 1008 1510 magis
1032 1436 1127 1509 resipit
1150 1436 1280 1492 Gratium.
1324 1436 1395 1492 Nihil
1412 1438 1455 1494 bie
1470 1455 1567 1494 rursus
1658 1450 1664 1466 “

279 1522 421 1595 ottingam,
445 1525 534 1580 utrius
555 1540 636 1578 causa
658 1522 723 1577 mibi
745 1522 832 1594 magis
854 1521 987 1577 arrideat:
1010 1521 1191 1594 nequeenim
1214 1521 1279 1576 mibi
1301 1522 1424 1577 mandata
1446 1530 1488 1578 est
1511 1523 1568 1579 lraee

279 1607 428 1680 provincia,
451 1607 524 1663 etsi
547 1607 706 1668 mandetur,
729 1606 823 1661 videor
845 1606 910 1660 mibi
933 1604 1052 1660 libenter
1078 1613 1268 1667 recusaturus,
1296 1623 1347 1662 nec
1371 1614 1475 1662 tantam
1501 1608 1567 1662 mibi

279 1707 375 1764 arrogo
397 1692 563 1755 doctrinam,
592 1698 623 1747 ut
652 1691 802 1746 existimem
831 1707 872 1746 me
900 1707 984 1763 posse
1013 1689 1194 1763 pronunciare
1222 1690 1366 1746 decausis
1390 1699 1443 1747 tam
1466 1691 1566 1754 arduis,

280 1791 300 1831 n
323 1774 426 1849 quibus
449 1776 595 1832 identidem
619 1775 757 1831 haereseos
779 1774 810 1830 lit
831 1774 949 1830 mentio:
979 1774 1113 1846 siquidem
1140 1774 1166 1828 in
1194 1775 1341 1848 praesentia
1368 1792 1423 1831 uon
1445 1793 1498 1848 ago
1520 1793 1568 1831 ne·

279 1859 382 1934 ponium
405 1859 566 1938 Capnionis,
594 1868 670 1915 tuum
693 1860 785 1932 potius
807 1875 859 1931 ago
883 1859 1040 1942 negocium,
1074 1866 1102 1913 et
1125 1858 1259 1915 haetenus.
1283 1876 1351 1932 ago,
1380 1867 1411 1915 ut
1437 1860 1516 1916 velim
1541 1867 1567 1916 te

279 1943 361 2018 uagis
390 1945 418 2000 in
446 1952 588 2018 posterum
616 1943 743 2017 dignitati
774 1950 826 1998 tuae
853 1942 998 1999 consulere
1027 1959 1057 1997 ae
1079 1942 1171 1998 decori
1193 1944 1356 2000 meminisse.
1400 1961 1451 2000 nec
1471 1944 1567 2000 dubito

279 2028 341 2103 puin
365 2029 424 2102 ipse
447 2036 475 2085 et
496 2029 645 2105 perspicias
668 2036 695 2084 et
718 2027 887 2089 memineris,
916 2028 962 2082 sed
986 2026 1057 2082 baud
1080 2027 1136 2082 scio
1159 2044 1193 2082 an
1216 2027 1265 2083 tibi
1288 2045 1397 2102 quoque
1420 2045 1496 2084 more
1519 2029 1568 2084 bo·

279 2113 376 2168 ninum
399 2130 451 2168 usu
473 2113 576 2175 veniat,
599 2120 630 2168 ut
652 2113 770 2186 impetus
792 2120 820 2168 et
841 2112 917 2169 calor
938 2111 1124 2167 contentionis
1148 2110 1242 2167 oculos
1265 2120 1328 2168 tuos
1349 2120 1445 2169 avocet
1459 2112 1566 2170 alieubi.

280 2239 638 2253 ................
667 2195 746 2260 Vale,
774 2205 854 2270 pater
877 2197 1001 2258 eximie·
1018 2212 1114 2270 meque
1143 2198 1218 2253 refer
1244 2196 1272 2251 in
1301 2214 1395 2253 eorum
1425 2215 1567 2259 nnmemm

279 2281 321 2356 pri
344 2285 420 2338 tnani
442 2282 646 2356 amplitudinem
669 2281 877 2356 haudquaquam
900 2281 960 2337 bete
983 2281 1110 2353 diligunt.
1147 2281 1275 2337 maiorem
1292 2282 1319 2337 in
1334 2282 1443 2338 modum
1458 2299 1566 2356 precor,

279 2372 304 2422 nt
326 2383 371 2421 nse
394 2366 449 2422 luis
471 2367 571 2423 sanetis
594 2366 721 2440 precibus
749 2364 859 2421 Christo
887 2366 1076 2422 commendare
1104 2364 1240 2439 digneris,
1269 2367 1315 2440 qui
1343 2382 1395 2421 suo
1422 2367 1567 2422 mitissimo

279 2450 373 2526 spiritu
389 2468 498 2527 semper
511 2452 630 2508 animum
645 2458 722 2507 tuum
737 2451 904 2506 moderetur.
922 2450 1089 2523 dntverpiae.
1105 2450 1146 2505 lll.
1158 2449 1194 2506 ld.
1207 2451 1322 2524 August.
1338 2451 1416 2506 Anno
1427 2450 1567 2507 ll.ll.lllll.

799 2900 1035 2980 CXXXVII.
1366 2928 1551 2972 servosne.

351 3090 640 3134 uveneuumsrno
663 3092 697 3134 ua
721 3091 863 3137 cnnrsro
886 3094 985 3135 earm
1007 3091 1048 3133 se
1071 3090 1216 3134 rn1ucm1
1238 3092 1488 3135 1nnvsrn1ss1uo

752 3174 899 3227 DOMINO
917 3174 1088 3225 ALBERTO

445 3260 588 3304 nonaum
618 3259 785 3305 nocensne
814 3265 865 3304 rr.
893 3263 920 3306 s.
944 3260 1154 3303 suessonum
1181 3261 1394 3305 ensesurnso

481 3346 729 3390 noovurluuus1
745 3347 785 3389 se
801 3347 1079 3391 nsounnvneuusr
1093 3346 1355 3390 sncnrnrrseoro

540 3430 637 3474 seona
659 3432 786 3474 uersam
809 3433 956 3476 eremum
978 3431 1141 3473 numerent
1164 3432 1301 3474 annuant

593 3518 635 3558 ur
658 3508 942 3560 sunrmsrnsront
964 3516 1255 3560 nannuusrsruum

627 3602 812 3644 uancmout
827 3601 1145 3645 unsunuuuvnonum
1160 3594 1212 3644 etc.

675 3686 827 3744 ERASMVS
842 3686 1085 3744 norssuousuvs
1100 3687 1126 3743 S.
1142 3688 1170 3742 ll.

357 3820 387 3877 ln
416 3828 470 3877 tam
498 3822 636 3878 immensis
663 3822 815 3879 studiorum
844 3821 984 3878 laboribus
1013 3820 1171 3878 lassescenti
1194 3838 1388 3896 nonnunquam
1411 3839 1466 3879 non
1488 3825 1569 3881 modo

279 3904 375 3969 ska,
404 3906 451 3962 sed
474 3913 502 3962 et
524 3906 609 3962 robur
630 3907 704 3963 addit
732 3908 799 3964 adeo
828 3924 982 3982 propensus
1006 3914 1059 3963 tuae
1081 3906 1251 3964 celsitudinis
1274 3908 1350 3964 lavor
1373 3949 1568 3964 .........

295 4033 683 4046 .................
688 3986 707 4046 ’.
751 3991 804 4048 lam
827 4009 891 4048 vero
915 4000 1046 4067 quantum
1068 3989 1231 4065 benignitati
1254 4000 1308 4049 tuae
1336 4000 1364 4048 et
1387 3992 1498 4049 Hutteni
1521 4011 1569 4049 no·
1609 4013 1612 4021 ·

279 4074 344 4132 nine
366 4074 492 4139 debeam,
521 4076 554 4132 de
578 4093 632 4151 quo
656 4076 694 4133 sie
716 4077 782 4133 mibi
804 4078 935 4152 praesagit
957 4076 1075 4140 animus,
1105 4075 1242 4133 bominem
1268 4077 1414 4151 aliquando
1441 4095 1568 4150 magnum

279 4167 462 4217 ornamentum
485 4169 589 4217 nostrae
611 4161 761 4218 Germanis
784 4163 919 4225 loturum,
949 4163 972 4218 si
996 4163 1076 4217 modo
1100 4170 1127 4217 et
1148 4162 1191 4217 dei
1214 4162 1343 4235 praesidio
1365 4161 1419 4216 rita
1441 4170 1570 4235 suppetat

279 4253 301 4301 st
323 4252 378 4301 ture
400 4243 570 4301 celsitudinis
592 4247 685 4303 lavore
706 4263 762 4303 non
784 4247 963 4303 destituatur:
998 4263 1060 4302 uam
1082 4240 1152 4302 bane
1174 4245 1276 4319 ingenii
1302 4245 1450 4309 lasciviam,
1479 4252 1509 4300 ut
1532 4245 1570 4300 ita

279 4423 435 4478 txxxvn.
470 4426 533 4477 Hoc
550 4442 710 4492 responsum
729 4427 764 4478 erl
782 4444 825 4494 ep.
839 4428 864 4477 d.
880 4426 919 4478 13.
932 4428 993 4477 Ιιιη.
1007 4441 1032 4476 e.
1048 4424 1120 4476 1519.
1140 4426 1235 4490 (snpra
1252 4440 1279 4473 n.
1294 4423 1456 4487 CXXVIII.)
1474 4423 1570 4474 delum

483 4515 580 4560 stetim
597 4517 661 4577 post
678 4513 751 4561 hene
771 4512 800 4561 in
819 4512 953 4577 exmnplis
972 4511 1008 4560 ad
1027 4510 1143 4560 eandem
1163 4509 1223 4558 citt.
1242 4507 1355 4573 legitur.

339 4643 361 4678 ¹⁸
379 4642 505 4711 alieubi]
534 4646 603 4709 Quoe
625 4653 777 4712 sequnntur
801 4664 862 4698 enm
881 4648 916 4697 ad
931 4648 1085 4697 Hnttenum
1108 4661 1162 4695 non
1185 4646 1362 4711 pertineant,
1387 4645 1512 4710 quemvis
1535 4645 1572 4696 ud

280 4743 360 4795 pum
371 4730 517 4780 Eresmnm
528 4730 780 4798 Hoehstretnmque
793 4732 1001 4798 cognoscendos
1014 4736 1042 4781 et
1055 4729 1242 4781 edlleueblini
1255 4744 1367 4778 causum
1376 4727 1571 4780 illustrandam

279 4814 374 4881 optime
389 4814 506 4877 sacient,
515 4816 607 4880 operis
619 4818 707 4866 nostri
720 4817 792 4866 ratio
805 4821 933 4882 repetere
946 4821 1033 4867 velet.
1081 4812 1103 4848 ²⁰
1117 4813 1157 4863 ll.
1170 4799 1288 4879 Augusti
1297 4810 1361 4878 [oieb
1370 4814 1448 4863 Anno
1463 4814 1535 4866 1519.
1545 4819 1570 4864 5.

339 4896 363 4931 ⁹
385 4913 515 4949 :naurs
539 4913 603 4949 sor.
623 4916 752 4951 tensare
776 4916 857 4951 esne.
877 4914 1033 4951 uoovsrrn.
1053 4914 1076 4950 s.
1090 4914 1116 4949 n.
1134 4900 1160 4949 2.
1187 4904 1213 4948 et
1239 4902 1356 4948 stmtttter
1383 4902 1572 4965 inscriptionem

279 4989 460 5035 »manunt
480 4984 576 5052 &epp

330 5068 467 5122 finan
485 5067 554 5122 Ore.
572 5084 637 5123 ror..
655 5070 679 5122 1.
1310 5065 1351 5130 20
