3917 5950
354 612 425 685 108
527 628 651 678 XXXVI.
672 635 691 676 t.
705 640 841 677 emenone
853 641 890 675 so
902 641 1117 678 uixnumuvrr
1129 644 1194 679 cius.
1210 643 1313 677 inanire
1326 644 1460 679 rrcricu.

381 872 384 881 1
501 798 545 859 au
567 799 652 866 sinis,
675 797 754 858 unde
776 795 827 857 tibi
850 803 963 857 constat
984 815 1151 878 nomenque
1173 798 1332 878 decusque,

446 928 471 966 m
571 899 737 970 Ouemlilret
758 900 862 959 iniecta
885 906 1088 961 contonrcrarc
1110 902 1217 963 mauu?

503 1002 535 1062 ln
558 1021 622 1062 nrea
646 1002 788 1079 liruliiragi
810 994 980 1079 {grassantur
1002 1006 1114 1064 viscera
1136 1002 1219 1077 Galli,

573 1103 618 1163 lle
641 1103 750 1163 lacerat
773 1102 898 1163 i'enctus
920 1107 1166 1184 persequiturque
1188 1106 1273 1175 latro,

500 1205 584 1265 Venit
606 1206 643 1265 ab
666 1204 789 1266 occiduo
811 1207 860 1283 qui
883 1224 931 1266 me
954 1206 1098 1267 convellat
1120 1207 1215 1276 lhero,

444 1332 470 1372 m
570 1308 607 1368 Et
627 1315 742 1386 partem
764 1307 801 1367 de
823 1325 871 1367 me
893 1309 988 1385 carpit
1009 1310 1131 1369 adustus
1152 1309 1236 1379 diem
1281 1328 1285 1336 ·

501 1409 648 1470 intrantur
670 1409 776 1469 Danais
797 1416 905 1469 nostrae
926 1410 1115 1486 praedonibus
1136 1411 1236 1481 urbes,

572 1512 701 1596 llppetor
723 1510 826 1590 Illyriis
847 1510 1038 1590 llelvetioque
1059 1514 1138 1574 lero:

436 1636 439 1642 ·
500 1615 592 1676 Nemo
615 1614 720 1692 quaerit
740 1630 812 1690 opes
834 1617 923 1691 quem'
944 1632 1005 1674 non
1027 1634 1091 1675 mea
1113 1617 1232 1694 pra-ruia
1255 1622 1383 1694 pascant,
1440 1600 1449 1618 ⁸

447 1738 473 1778 co
572 1716 633 1777 Nec
654 1715 730 1793 sapit
752 1715 799 1775 liic
821 1717 952 1794 quinon
974 1715 1044 1776 ltala
1067 1735 1159 1795 regua
1180 1720 1261 1796 petit.

500 1819 575 1890 Ocrid
598 1818 693 1878 dicam
716 1835 832 1878 eversas
853 1816 988 1896 collapsis
1010 1819 1156 1905 micuilpus
1179 1821 1277 1888 uiues,

572 1921 647 1991 Quid
670 1937 832 1981 memorem
854 1920 934 1980 lcrro
957 1920 1082 1998 plurima
1105 1930 1134 1982 et
1156 1923 1225 1999 igne·
1243 1924 1312 2001 peti,

499 2023 557 2084 lut
577 2022 708 2102 neglecta
730 2023 787 2082 situ
809 2029 941 2084 vetenmr
963 2023 1071 2084 decora
1093 2024 1149 2084 alta
1171 2032 1335 2102 parentum,

445 2149 470 2188 oi
569 2123 721 2185 Dissimilis
743 2125 871 2202 primum
892 2142 971 2186 nune
994 2143 1049 2203 ego
1071 2126 1146 2187 lacta
1169 2128 1245 2188 moi?

498 2228 634 2289 Tlruscus
656 2227 829 2287 honoratam
852 2233 931 2287 tenet
953 2229 1105 2288 usurarius
1126 2229 1242 2300 urbem,

571 2330 643 2389 Tota
659 2328 815 2389 Fluentino
837 2335 882 2389 est
902 2329 1018 2406 prodita
1040 2329 1133 2391 Roma
1155 2330 1232 2391 dolo.

498 2432 540 2493 lla
562 2433 676 2492 reniam
698 2432 721 2490 si
745 2430 865 2491 liberius
887 2432 957 2509 quid
979 2431 1081 2491 dixero
1104 2432 1141 2493 de
1163 2439 1207 2493 te:

444 2555 470 2596 os
570 2534 709 2603 Quiaerere
732 2531 878 2593 debueras
899 2533 970 2603 ista,
994 2540 1095 2594 tenere
1118 2553 1216 2613 negas.

499 2636 529 2696 Si
552 2644 650 2695 tomen
673 2635 760 2694 instat
781 2634 877 2694 adlruc
899 2635 960 2694 istis
983 2636 1071 2713 digna
1092 2634 1164 2696 ultio
1187 2637 1279 2704 laetis,

570 2737 630 2798 Nec
652 2756 700 2796 ure
723 2743 865 2814 perpetuo
887 2739 1003 2815 spernis
1025 2755 1172 2815 opemque
1193 2739 1285 2805 leros:

498 2841 579 2902 Etsi
602 2837 645 2897 rel
668 2857 735 2897 sero
758 2856 900 2916 agnosces
921 2840 1076 2917 stiulioque
1098 2841 1231 2908 moraris,

443 2964 468 3003 n
569 2943 612 3002 Sit
633 2940 695 3002 lero
718 2939 760 3002 vel
784 2948 861 3002 tanta
885 2948 987 3003 inusta
1009 2939 1111 3003 tulisse
1132 2914 1248 3003 rnoraz³

497 3045 540 3106 Ne
563 3051 717 3105 conternne
739 3044 844 3112 ruodo.
866 3044 984 3105 tulerim
1007 3037 1129 3106 dilierre⁸
1148 3051 1191 3104 tot
1212 3062 1313 3112 annos,

568 3145 749 3207 Subtralrere
772 3146 890 3224 indigno
913 3165 1003 3224 regna
1026 3146 1128 3206 Latina
1150 3148 1234 3225 iugo:

497 3250 567 3321 eroe
590 3248 709 3307 veniunt
731 3248 821 3316 lerrte,
843 3250 961 3308 verrinnt
984 3256 1097 3316 tamem
1120 3267 1208 3310 onrne
1230 3248 1372 3327 rependet
1458 3315 1466 3326 ,

441 3377 466 3416 m
565 3351 701 3411 Tristities
724 3358 841 3427 tempus
863 3349 955 3411 laetior
977 3369 1035 3410 irrra
1058 3350 1134 3412 ilices..

497 3454 555 3514 Sed
579 3453 653 3512 nolis
675 3471 792 3512 causam
815 3452 981 3529 producere
1004 3453 1033 3511 in
1056 3451 1171 3530 longius
1192 3454 1291 3513 istam:

569 3555 710 3634 llesperat
732 3555 863 3633 quisquis
885 3562 989 3631 sperat
1006 3562 1129 3632 aretipie
1151 3555 1209 3616 diu.

495 3658 540 3719 Tu
563 3657 648 3716 toties
671 3657 761 3715 victos
783 3657 812 3715 in
835 3663 864 3716 tc
886 3674 1066 3732 consurgere
1088 3656 1194 3726 Gallos,

439 3781 464 3820 so
564 3758 609 3818 'l'u
631 3758 701 3817 sinis
723 3758 786 3818 lrauc
808 3757 934 3818 Venetos
955 3760 1132 3838 surripuisse
1155 3758 1215 3829 tini,

496 3862 556 3923 Nec
579 3860 673 3937 geritis
694 3860 799 3920 virtute
822 3866 878 3919 turin
902 3861 1037 3940 larrraquo
1059 3862 1194 3929 moreris,

567 3961 661 4031 Quam
683 3961 802 4020 memini
824 3961 922 4021 Latios
944 3964 1130 4040 pertimuisse
1151 3963 1268 4040 patres?

495 4063 588 4134 Qiram
612 4080 666 4140 pro
688 4081 750 4130 me,
773 4081 810 4122 ne
832 4064 869 4122 sit
891 4064 1048 4125 Germania
1070 4066 1174 4126 lortior
1195 4066 1225 4124 iu
1248 4083 1304 4133 ure,

440 4188 465 4228 aa
566 4164 633 4224 llaec
655 4165 733 4224 renit
754 4164 890 4241 auspiciis
912 4167 990 4226 lama
1011 4167 1119 4228 tuenda
1142 4168 1214 4226 tuis:

494 4268 527 4328 ln
549 4287 597 4329 me
619 4264 764 4326 terribiles
786 4266 884 4328 secere
905 4268 1033 4346 ingentia
1055 4267 1183 4348 Cymlrri,

566 4370 666 4431 Sentio
688 4368 857 4430 Teutonicae
878 4388 958 4430 niune
979 4389 1098 4450 quoque
1120 4371 1195 4432 lacta
1217 4387 1331 4440 manus,

410 4540 431 4572 ⁵³
450 4537 565 4606 feodiis]
586 4544 712 4606 raptores
725 4542 820 4593 3...5.
890 4538 912 4570 ⁵⁶
929 4541 989 4592 Nec
1006 4556 1072 4608 pars
1081 4542 1227 4608 Hesperien
1246 4546 1290 4592 ost
1306 4540 1357 4590 sub
1376 4539 1446 4590 duee
1466 4554 1555 4605 parua
1573 4540 1635 4588 mei.

343 4628 418 4677 ³...5.
439 4688 443 4699 ¹
499 4622 521 4654 ⁸⁰
538 4625 645 4688 premia
654 4626 681 4673 2.
761 4624 784 4657 ⁸⁵
800 4626 927 4676 Thuseus
945 4642 1027 4692 opum
1045 4642 1136 4678 vacuo
1153 4631 1291 4677 moreator
1308 4631 1408 4690 regnat
1426 4626 1455 4674 in
1473 4625 1543 4674 urbe
1562 4627 1635 4675 a...5.

341 4707 521 4760 “Fluentim
540 4708 689 4775 infrequens
703 4712 789 4774 forma
805 4713 911 4761 nornr'ma
922 4711 1075 4764 Florentio.
1145 4711 1167 4744 ⁰⁸
1185 4713 1307 4774 Quierere
1320 4714 1345 4761 2.
1415 4707 1438 4742 ⁷⁸
1456 4708 1636 4776 Subtrsliere]

341 4795 382 4844 Te
401 4806 500 4858 repere
514 4794 566 4841 1.2.
640 4792 670 4848 ,⁷⁵
687 4796 823 4860 rependit.
839 4799 862 4846 1.
949 4795 972 4829 ’θ
990 4794 1159 4863 Tristicipt.
1239 4795 1262 4829 ’7
1280 4796 1340 4847 S.n.
1355 4811 1423 4862 opus
1440 4796 1507 4846 hinc
1525 4796 1636 4847 differre

341 4876 567 4930 i.tistudt...5.
653 4875 676 4910 '⁸
692 4878 926 4945 Disperect2...5.
980 4896 1021 4947 sp.
1041 4880 1169 4949 ovotque]
1194 4879 1286 4949 iperet
1305 4882 1409 4932 hebere
1432 4883 1490 4932 1.2.
1544 4887 1638 4947 speret

343 4967 463 5030 arcetque
477 4965 551 5016 δώ.
612 4961 634 4998 ⁸⁴
652 4959 781 5030 sulpitiis
792 4967 817 5016 1.
874 4966 897 5001 ⁸⁸
914 4966 1033 5021 Romule
1042 4967 1213 5020 Teutonicus
1229 4965 1351 5034 pereutit
1366 4983 1446 5018 ormo
1463 4967 1548 5018 furor.
1562 4967 1635 5018 3...5.

755 5079 771 5110 Ι
