3917 5950
405 615 453 687 30
484 627 575 678 XIIII.
587 642 671 678 cnosi
680 642 717 676 sn
727 641 877 678 aaronem.
896 628 1025 679 Xvan
1033 641 1181 678 assiccata
1191 643 1228 678 sn
1237 643 1352 679 sanita.
1370 629 1704 681 XVI.s.aaas1nnsvnn.

1320 702 1325 723 t

345 803 506 878 §.salisqui
527 801 688 859 scriberem:
711 800 786 855 dedit
801 799 895 856 literas
909 800 1125 862 Arnobardistae,
1149 799 1247 874 quihus
1263 800 1308 858 ille
1325 802 1373 858 tibi
1389 801 1493 876 lapides
1514 821 1529 858 e
1545 804 1587 859 via
1607 803 1704 859 tollere

342 902 345 908 ’
402 888 540 966 praecipit;
556 887 656 944 alteras
673 897 732 941 tuas
748 903 815 958 quas
832 895 861 941 tu
877 886 1039 942 adeundam
1050 885 1337 949 Arnoldumdedcras
1354 887 1703 960 requirendasdocuitllo·

401 975 504 1050 guntiae
526 991 540 1029 n
555 971 726 1054 chonligcris
741 970 878 1045 patribus,
901 988 961 1025 carm
978 988 1094 1043 quorum
1106 970 1236 1045 praelecto
1249 973 1421 1046 nudipedem
1436 973 1554 1045 iurgium
1565 975 1701 1032 descendi

402 1060 475 1137 quod
489 1058 610 1115 ellutirct
624 1065 653 1112 te
667 1055 853 1130 iurisperitum
868 1055 964 1111 falcem
978 1055 1085 1112 misisse
1100 1056 1128 1111 ιιι
1144 1073 1259 1111 messem
1280 1056 1486 1130 theologorum
1508 1060 1659 1132 quodque
1653 1078 1701 1114 ιιιι-

400 1144 497 1221 pietati
517 1146 595 1200 claret
609 1141 770 1215 religionem
785 1150 907 1199 nostram
922 1139 970 1195 abs
986 1147 1013 1196 te
1029 1150 1130 1198 sectam
1145 1147 1273 1198 vocatam.
1305 1145 1436 1215 querenti
1453 1144 1517 1199 ιιιιΙιι
1540 1143 1578 1199 nil
1600 1142 1754 1217 preterl-

342 1243 387 1294 §.s
402 1231 470 1288 hanc
484 1229 591 1286 sutilem
605 1227 784 1284 abiectionem
800 1226 966 1302 respondere
980 1227 1071 1299 potuit
1087 1225 1234 1282 obliviosus
1249 1243 1332 1301 agaso
1347 1228 1586 1285 circumforaneus.
1613 1229 1656 1283 Sic
1671 1248 1700 1283 se

401 1316 514 1377 habent,
538 1332 571 1370 eo
586 1311 728 1369 dementiae
742 1327 890 1385 pervenere
906 1311 1031 1366 occaecati
1047 1311 1134 1373 l'orii
1157 1319 1187 1367 ut
1203 1312 1298 1369 nullibi
1315 1312 1434 1369 residere
1450 1315 1605 1370 existiment
1623 1314 1699 1368 thoo-

400 1400 515 1475 logiam,
541 1397 760 1472 augustissimam
775 1397 924 1458 eleusinam,
949 1412 1030 1469 quam
1045 1397 1072 1451 iu
1092 1396 1149 1452 suis
1170 1395 1303 1453 obsoletis
1317 1396 1446 1458 metibus,
1477 1416 1556 1472 qumn
1577 1400 1667 1454 adeo
1660 1417 1699 1454 m·

400 1487 516 1542 honeste
537 1484 697 1558 plerumque
719 1489 849 1545 tractant.
876 1490 907 1538 ιιι
927 1488 1007 1555 putes
1027 1481 1151 1575 pudicam
1172 1462 1323 1538 raiatrouam
1345 1482 1469 1556 rapuisse
1490 1484 1517 1538 in
1544 1481 1697 1540 caenobium

400 1571 581 1628 meretricum.
607 1567 658 1623 lias
669 1568 763 1623 literas
778 1575 842 1641 post
855 1566 1053 1629 domuitionem
1066 1567 1148 1621 variis
1162 1567 1255 1623 amicis
1271 1568 1337 1626 mist
1326 1567 1475 1641 voluique
1490 1586 1540 1643 per
1555 1568 1697 1642 epistolam
1710 1570 1734 1615 ¹⁰

402 1664 474 1713 tuam
496 1654 561 1710 mihi
584 1654 701 1709 savorem
725 1652 885 1714 conciliare:
915 1651 962 1706 sed
984 1640 1177 1745 impedimento
1200 1652 1276 1709 lucre
1298 1661 1373 1708 tanta
1394 1652 1500 1708 itineris
1521 1654 1649 1708 distantia
1672 1662 1699 1709 ct

400 1741 560 1797 nunciorum
573 1739 671 1795 raritas
686 1738 757 1793 hac
751 1755 778 1795 sn
794 1736 954 1794 solitudine·
970 1753 1042 1791 nunc
1056 1736 1173 1810 primum
1188 1754 1217 1792 so
1233 1737 1312 1793 nobis
1327 1737 1427 1793 obtulit
1443 1739 1563 1799 occasio,
1581 1757 1633 1813 ιμιιι
1651 1738 1697 1793 ιιΙιι

400 1827 457 1882 haec
471 1822 664 1899 extemporalia
686 1823 860 1883 effundimus,
882 1820 1040 1894 quaelegas
1054 1820 1133 1877 velim
1155 1821 1213 1877 sine
1235 1822 1348 1884 iudicio,
1373 1840 1403 1878 ac
1421 1824 1558 1896 egregiam
1575 1831 1696 1878 nostram

399 1911 433 1968 de
448 1912 475 1966 le
490 1908 656 1965 voluntatem
679 1925 713 1963 ne
733 1916 900 1965 contemnas.
929 1902 982 1960 diis
1002 1905 1106 1979 tibique
1128 1907 1207 1962 thure
1227 1906 1426 1969 sacrificarem,
1452 1908 1475 1962 si
1496 1925 1538 1963 nie
1559 1908 1586 1963 in
1607 1908 1695 1964 album

333 2004 509 2057 §.tetucrum
524 1995 633 2068 legeris.
670 1993 852 2049 llartmannus
873 1990 939 2047 iuris
958 1989 1147 2047 consultorum
1168 1991 1353 2048 nobilissimus
1373 2001 1455 2064 atqtm
1470 1993 1601 2049 nobilium
1617 1994 1696 2048 iuris·
1708 1996 1731 2038 ¹⁶

400 2080 632 2140 consultissimus,
658 2078 700 2133 vir
718 2078 808 2134 clarus
829 2096 844 2131 e
865 2075 966 2132 familia
980 2076 1208 2149 burggraviorum
1229 2077 1263 2134 de
1279 2077 1444 2150 llirchberg‚
1473 2077 1522 2133 tibi
1548 2077 1694 2151 plurimum

401 2168 479 2223 iavet.
511 2165 575 2221 Vale
590 2173 619 2220 et
633 2162 714 2220 salve.
745 2163 797 2218 llll.
812 2161 922 2217 llalcnsl.
939 2160 1108 2216 Februarias.

460 2433 474 2481 l
663 2428 668 2434 ’
1005 2427 1090 2504 XV.
1109 2486 1113 2494 .

399 2499 536 2512 *-

690 2601 883 2659 nvuotruvs
906 2601 1070 2659 tunicum
1093 2601 1398 2659 nusrvsttntnno.

306 2774 313 2789 ·
371 2733 374 2737 ’
396 2768 453 2797 ..ι
477 2740 507 2796 Ρ.
523 2740 549 2796 S.
575 2739 610 2795 be
624 2715 788 2796 carminibus
803 2739 914 2795 llutteui
935 2756 990 2796 non
1013 2748 1055 2795 est
1076 2738 1149 2813 qumi
1171 2747 1197 2794 te
1217 2755 1310 2812 anges.
1335 2726 1478 2796 lectiones
1499 2748 1556 2795 tum
1577 2738 1727 2814 publirseao

398 2836 455 2883 tum
470 2827 581 2901 privatae
595 2825 732 2904 lecerunt,
749 2834 778 2881 ut
792 2825 905 2882 dilatum
920 2826 964 2881 sit.
991 2825 1083 2882 Placet
1097 2825 1162 2881 mihi
1178 2824 1322 2889 lluttenus,
1338 2825 1384 2900 qui
1400 2843 1415 2881 a
1430 2825 1498 2883 lacis
1512 2825 1612 2899 lipsiis
1628 2825 1705 2884 inihi,

397 2920 480 2969 notus
495 2911 555 2968 luit.
584 2911 683 2985 Legum
698 2910 815 2986 publice.
1173 2947 1190 2981 5

394 3095 454 3147 XV.
466 3096 509 3148 Ex
522 3093 715 3160 cod.Sangall.
727 3094 1025 3146 mihi'ccmmunicsvtt
1036 3092 1202 3145 etrcussius.
1219 3093 1381 3145 Putaverim
1395 3093 1540 3159 epistolam
1555 3110 1616 3160 quse
1629 3094 1691 3145 loco

395 3181 495 3245 dicque
513 3195 568 3231 non
585 3180 723 3246 expressis
742 3184 831 3242 extat,
850 3180 985 3245 scriptam
1002 3194 1063 3229 csse
1079 3183 1253 3244 postquame
1270 3178 1408 3229 cracovia
1420 3178 1611 3230 vindobonam
1630 3182 1689 3230 sive

370 3245 380 3262 ⁸
396 3266 455 3331 ipse
478 3271 596 3316 venerat
608 3265 739 3330 Agricola
756 3266 815 3315 sive
829 3262 915 3315 libros
932 3265 971 3314 ibi
984 3264 1129 3329 publicare
1152 3267 1284 3329 coeperat,
1299 3279 1372 3314 anno
1386 3263 1459 3314 1513.
1485 3263 1598 3336 Scripta
1610 3265 1725 3319 huiusts

393 3351 510 3400 iunioris
527 3351 587 3400 sive
601 3350 862 3415 Wasacrburgensis
876 3349 1101 3415 (Hydroburgii),
1119 3364 1174 3399 non
1185 3349 1271 3399 Frisii
1289 3347 1429 3412 (senioris)
1447 3349 1496 3398 sed
1508 3348 1615 3412 Rhoeti,
1636 3350 1688 3400 ltu-

394 3434 487 3500 tlolphi
504 3433 644 3499 Agricolae
662 3434 789 3485 indicata
806 3440 870 3484 snut
888 3449 932 3499 ap.
945 3434 1082 3501 Adelnng.
1095 3435 1124 3484 in
1142 3434 1246 3486 contin.
1258 3433 1371 3485 Jiicher.
1385 3434 1407 3484 Ι.
1420 3451 1446 3500 p.
1459 3433 1519 3485 335.
1534 3439 1563 3485 et
1580 3434 1690 3499 plenius

840 3517 1237 3584 inlanocienis1.p.6...14.
1321 3589 1325 3599 Ι
1510 3507 1513 3514 ’

410 3839 521 3874 cresus.
826 3826 829 3833 '
989 3807 1096 3887 XVI,
1126 3826 1129 3830 '
1169 3846 1174 3853 ¹
1381 3841 1407 3876 n.
1420 3834 1455 3876 to.
1468 3841 1553 3878 usar.
1567 3843 1594 3878 s.
1608 3836 1668 3878 tstt.

801 3977 951 4041 sossnnvs
972 3983 1098 4042 {tessus
1120 3982 1272 4039 Vnumne.
1693 3988 1719 4028 ιθ
1786 3989 1790 3998 “

1139 4120 1177 4175 Ex
1191 4121 1273 4196 Lypsi
1290 4129 1330 4184 13.
1346 4121 1404 4177 llal.
1420 4122 1505 4195 April.
1523 4130 1598 4193 1514.

463 4203 516 4259 bici
538 4218 594 4259 non
615 4209 708 4276 potest
723 4212 855 4276 quantum
876 4221 919 4260 me
933 4204 1110 4262 delectaverit
1131 4206 1205 4279 quod
1230 4214 1276 4263 tua
1302 4215 1330 4262 et
1352 4206 1516 4282 Aperbacehi
1542 4207 1684 4280 diligentia

393 4287 504 4345 llutteni
526 4288 614 4345 nostri
637 4304 744 4345 cannen
766 4290 798 4345 ad
819 4290 846 4345 ll.
868 4289 1074 4347 llaximilianum
1096 4290 1227 4348 Cesaram
1250 4293 1400 4359 emerserit.
1444 4301 1563 4367 utroque
1584 4291 1684 4368 pollice

490 4473 562 4523 XVI.
589 4473 687 4524 Messon
698 4465 883 4524 eommuntemit
894 4474 1042 4525 Strcassatss
1052 4491 1088 4526 ece
1099 4477 1156 4526 cod.
1169 4476 1332 4541 Sanpallenar'
1341 4473 1418 4538 (tom.
1430 4475 1453 4525 1.
1466 4474 1504 4524 n⁰.
1517 4474 1581 4539 32).

456 4625 467 4657 ²
479 4625 637 4692 hunoldum]
651 4628 684 4678 de
697 4629 855 4694 Tnngaris:
897 4626 1008 4694 7ἰὀιίι]
1021 4630 1065 4681 sie
1075 4632 1111 4681 A.
1124 4631 1167 4681 An
1179 4629 1285 4688 Thurii,
1298 4636 1326 4680 st
1336 4631 1482 4694 reseram
1493 4630 1529 4679 ud
1538 4630 1624 4680 Arist.
1635 4648 1682 4695 po-

388 4713 457 4759 titv.
465 4709 508 4760 3.?
521 4728 554 4760 αιι
566 4710 687 4777 doricas,
701 4704 864 4779 ὁρμητικοί,
878 4714 924 4778 qui
938 4729 1000 4764 cuna
1013 4714 1121 4765 assultu
1132 4715 1288 4781 impetunt?
1298 4716 1393 4766 Possis
1405 4716 1583 4764 occaecatcrli
1596 4716 1686 4782 (quaest

390 4795 558 4860 'Blendner'}.
574 4798 689 4859 sortasse
705 4804 761 4863 qnia
776 4800 808 4848 de
823 4800 971 4850 Germanico
982 4800 1093 4851 Theren
1110 4804 1273 4866 eopttnoertt,
1290 4807 1316 4850 ιιι
1333 4805 1359 4850 ιιι
1376 4802 1491 4864 epistolia
1506 4799 1576 4850 obse.
1589 4804 1637 4850 air.
1650 4804 1682 4850 de

388 4880 472 4945 gilvis
489 4881 625 4943 crinibus,
644 4882 737 4934 blavio
750 4882 821 4934 coelo
833 4890 858 4933 et
870 4885 990 4934 similibus
1001 4888 1119 4950 lepitana,-
1135 4888 1183 4937 sed
1192 4903 1284 4938 vereor
1295 4892 1323 4936 at
1337 4886 1427 4936 Cretas
1438 4888 1476 4936 ita
1487 4886 1514 4934 ιἰι
1525 4874 1637 4949 epr'itota
1647 4890 1684 4936 ad

388 4967 547 5017 Reacbtinam
558 4970 734 5025 dissbnulmr't,
753 4974 778 5017 et
795 4971 898 5034 teperim
910 4969 1055 5036 Theologt.
1108 4967 1130 5003 ¹⁴
1143 4972 1345 5023 contemnem.
1427 5015 1431 5022 .
