3917 5950
423 635 497 707 228
562 649 686 704 XCVIII.
701 664 824 701 nvrrmu
837 662 874 701 no
885 664 1006 701 ananan.
1021 665 1088 700 noo,
1102 663 1189 700 rnna.
1203 666 1259 701 cru.
1273 665 1308 702 nn
1322 666 1435 705 ovsuc.
1451 660 1511 704 1⁵18.
1526 668 1547 704 1.
1560 666 1585 702 r.

421 821 631 882 melliferarum
658 821 755 898 apium
784 819 962 889 alvearibus,
994 821 1025 881 id
1054 829 1098 882 ost
1124 840 1140 880 a
1168 821 1466 883 fructuosissimarum
1496 820 1711 899 disciplinarum

365 923 517 1014 cucullo,
547 931 575 982 et
604 924 718 982 fortiter·
745 924 840 982 arceri
868 931 896 981 et
921 922 1042 1000 longum
1071 923 1190 983 exulare
1218 932 1405 1002 cognoscent.
1450 925 1615 985 Possumus
1639 923 1711 981 enim

420 1043 480 1085 non
508 1026 617 1102 optime
644 1031 834 1102 prospectum
855 1024 941 1084 nobis
963 1025 1078 1093 dicere,
1110 1045 1176 1085 cum
1198 1033 1245 1095 tu,
1275 1033 1373 1086 tantus
1395 1034 1554 1107 patronus,
1582 1032 1644 1084 tarn
1665 1024 1713 1083 be·

421 1130 508 1205 nigne
525 1127 622 1216 'inultis
646 1126 793 1186 arrideas?
828 1127 911 1186 cuius
939 1128 981 1186 rei
1009 1128 1135 1204 pulmum
1165 1129 1330 1188 Germaniae
1359 1128 1572 1188 documentum
1604 1145 1639 1185 ex
1669 1145 1713 1184 me

421 1229 544 1307 prodiit,
573 1247 660 1306 quem
689 1234 721 1286 tn
749 1229 776 1285 iu
806 1227 1028 1289 familiaritatem
1052 1237 1080 1288 et
1102 1229 1131 1288 in
1154 1231 1250 1291 sinum
1272 1230 1346 1290 adeo
1368 1238 1450 1290 tumn
1474 1249 1542 1289 cum
1565 1230 1743 1304 acmperess

419 1332 563 1409 priunuu,
587 1329 714 1389 obscure
736 1329 881 1389 sentiebas
904 1349 969 1408 (pirae
992 1330 1147 1390 doctorum
1169 1331 1322 1392 hominum
1350 1333 1530 1409 expectatio,
1559 1348 1628 1408 quae
1656 1330 1715 1406 opi-

420 1433 483 1499 nio,
511 1431 590 1508 quod
619 1430 759 1491 indicium
790 1437 881 1499 esset,
914 1438 942 1490 et
970 1450 1029 1490 non
1056 1432 1145 1492 tacite
1172 1432 1347 1493 mussitabas
1369 1439 1467 1492 tecum
1489 1432 1553 1509 ipse
1577 1429 1715 1508 Vergilia·

419 1552 491 1593 num
514 1531 599 1601 illud,
642 1588 653 1607 ,

749 1617 824 1675 feret
845 1614 908 1675 llaec
930 1616 1056 1694 aliquam
1078 1617 1130 1676 tibi
1153 1620 1229 1678 fama
1251 1617 1383 1680 salutem.

366 1719 470 1791 §.esic
493 1727 537 1779 est
558 1718 707 1796 profecto,
737 1719 848 1797 luitque
870 1736 928 1777 non
952 1719 1049 1778 minus
1077 1719 1237 1780 iucundum
1258 1719 1311 1780 tibi
1333 1719 1413 1798 quod
1434 1719 1550 1779 videres
1573 1717 1651 1778 fraud
1675 1719 1749 1778 iun

423 1821 510 1899 digno
539 1818 605 1879 loco
632 1821 760 1898 positum
788 1826 872 1879 tuum
902 1819 1097 1899 beneficium,
1121 1838 1208 1899 quam
1230 1822 1301 1880 mibi
1323 1818 1476 1898 plausibile
1498 1821 1579 1899 quod
1608 1839 1643 1881 ex
1670 1818 1718 1879 illa

424 1922 572 1982 cummuni
595 1921 759 1981 studiorum
781 1921 935 1986 iactatione
957 1929 1052 1983 tutum
1076 1930 1105 1984 et
1126 1921 1282 1983 salutarem
1301 1923 1476 1983 invenissem
1491 1924 1551 1982 otio
1566 1942 1634 1983 meo
1649 1940 1718 2000 por·

367 2031 493 2090 §.atum
539 2023 633 2101 dtquc
655 2023 731 2082 inter
754 2030 858 2083 caetera
881 2042 945 2101 quan
975 2024 1109 2085 familiari
1137 2043 1215 2102 saepe
1238 2023 1318 2085 vultu
1340 2025 1458 2085 confers
1480 2043 1613 2092 mecum,
1642 2023 1719 2083 bene

421 2143 542 2204 sperare
563 2143 618 2184 uos
639 2125 736 2193 iubes,
766 2124 823 2183 boc
845 2127 1033 2201 promittens,
1058 2133 1199 2204 quantum
1221 2127 1251 2185 in
1273 2132 1302 2186 te
1324 2125 1361 2186 sit
1382 2127 1526 2186 munitam
1541 2127 1618 2187 lraire
1634 2125 1720 2185 nobis

421 2227 458 2287 ad
488 2227 515 2286 id
545 2246 603 2306 quo
629 2226 778 2286 tendimus
805 2227 879 2286 vlam
902 2245 974 2287 esse.
1020 2246 1078 2306 qua
1102 2237 1149 2287 tna
1172 2229 1264 2305 gratia
1286 2229 1379 2287 fretus
1401 2246 1489 2287 ausus
1511 2246 1593 2297 sum,
1620 2236 1653 2287 ut
1675 2228 1753 2286 inis

421 2329 530 2390 sultare
552 2328 699 2398 barbaris,
723 2329 762 2387 ita
785 2329 820 2388 ad
844 2345 892 2389 res
912 2328 1127 2406 pulcherrimas
1142 2331 1269 2390 excitare
1284 2327 1425 2407 aequales3
1449 2338 1478 2388 et
1492 2331 1608 2408 quoties
1622 2327 1720 2406 aliqua

421 2431 565 2492 incumbit
586 2431 789 2508 persequutio,
812 2429 848 2489 ad
871 2438 901 2489 te
922 2429 1010 2491 veluti
1032 2431 1069 2491 ad
1091 2449 1247 2491 commune
1270 2430 1417 2509 quoddam
1439 2429 1587 2491 bonorum
1607 2428 1719 2509 asylum

422 2552 494 2592 voco
517 2552 553 2593 ex
575 2533 661 2592 bonis
681 2531 822 2610 aliquem,
846 2532 902 2591 boc
924 2534 1022 2611 magni
1045 2534 1150 2593 iterum
1172 2539 1269 2611 poetae
1290 2531 1487 2610 ingemInans,

656 2633 720 2693 lluc
743 2633 860 2694 tandem
882 2633 1026 2703 concede,
1054 2634 1116 2695 baec
1138 2652 1188 2693 ara
1211 2632 1340 2694 tuebitur
1362 2652 1481 2701 omneS,

424 2742 520 2805 tanto,
544 2735 622 2814 quod
638 2734 782 2805 fidemne,
806 2737 919 2802 fructu,
943 2742 975 2794 ut
997 2736 1054 2795 iam
1076 2734 1184 2795 multos
1206 2735 1275 2796 hinc
1297 2737 1456 2803 erexerim,
1480 2733 1625 2812 quosdam
1640 2731 1754 2796 illinere

310 2838 317 2853 ’“
356 2838 676 2917 §.io.i111patientissirno
699 2857 753 2897 suo
776 2838 894 2897 fremitu
917 2837 1074 2898 abiecerinr
1096 2856 1131 2896 ac
1153 2837 1358 2915 depresserim.
1395 2835 1439 2896 En
1462 2844 1491 2895 te
1514 2853 1608 2897 unum
1631 2835 1721 2912 Igitur

424 2940 559 3008 omnino,
589 2946 639 2999 aut
662 2947 742 3000 certe
769 2957 805 3000 ex
833 2939 1015 3017 paucissimis
1038 2957 1145 3005 unum,
1173 2939 1220 2999 cui
1242 2956 1297 3017 ego
1320 2937 1435 3008 oculos,
1468 2939 1515 2998 cui
1538 2935 1721 2998 intellectum

425 3062 489 3102 esse
511 3042 615 3102 dicam.
661 3041 738 3119 quod
762 3041 799 3102 de
821 3049 849 3102 te
872 3041 1004 3102 scribere
1026 3043 1093 3120 quia
1121 3059 1217 3119 neque
1245 3058 1299 3117 pro
1328 3047 1461 3117 tempore
1489 3047 1550 3107 est,
1579 3047 1668 3117 atque
1697 3040 1722 3097 is

425 3152 469 3204 est
491 3151 559 3204 tritis
581 3143 692 3202 candor
720 3151 751 3203 ut
780 3142 940 3222 quamlibet
968 3144 1055 3203 etiam
1083 3142 1200 3203 laudem
1226 3140 1414 3202 immodicam
1441 3127 1606 3210 existimes
1635 3138 1722 3200 facile

425 3246 614 3323 adpraesens
638 3246 834 3323 supersedeo,
864 3244 942 3324 quod
972 3252 1060 3322 caput
1087 3252 1130 3305 est
1158 3243 1308 3304 inculcans
1336 3243 1401 3313 tibi,
1430 3243 1488 3303 boc
1509 3241 1757 3305 munusculumas

426 3348 790 3426 gratanter·utacc1pias;
825 3346 904 3425 ‹ptiod
928 3347 981 3406 etsi
1011 3348 1148 3424 exiguum
1178 3355 1235 3417 est,
1265 3348 1337 3406 tanti
1365 3364 1381 3406 a
1410 3364 1457 3405 me
1485 3345 1518 3405 fit
1545 3354 1659 3415 tamen,
1690 3351 1724 3404 ut

425 3468 564 3527 magnum
587 3448 656 3527 quid
679 3449 841 3525 perdidisse
864 3467 925 3517 me,
949 3449 972 3506 si
997 3447 1033 3507 de
1056 3447 1142 3526 vulgo
1165 3450 1326 3509 amicorum
1348 3448 1481 3508 dedicem
1502 3448 1531 3507 id
1547 3446 1651 3512 aliem.
1675 3465 1723 3507 ar·

358 3550 533 3621 §.iabitrerz
562 3569 631 3610 nam
654 3569 721 3610 cum
743 3570 807 3611 rem
829 3550 869 3609 ibi
893 3556 1015 3610 tractem
1038 3569 1104 3610 meo
1125 3550 1232 3610 iudicio
1247 3568 1453 3628 permagnam,
1476 3566 1536 3608 non
1552 3550 1609 3608 nisi
1624 3551 1724 3627 magui

426 3652 505 3712 illam
532 3653 586 3712 vlri
612 3653 749 3729 auspiciis
777 3652 877 3730 egredi
905 3650 1053 3711 volebam:
1090 3670 1127 3712 an
1156 3670 1214 3710 non
1241 3651 1417 3729 praeclarum
1447 3651 1616 3710 existImare
1644 3649 1723 3718 licet,

427 3754 564 3832 quicquid
588 3754 615 3814 id
640 3762 697 3821 cst,
727 3753 806 3832 quod
829 3772 887 3813 non
910 3754 982 3813 milri
1005 3761 1131 3823 muitum,
1160 3753 1212 3813 sed
1235 3752 1346 3832 aliquot
1367 3761 1509 3831 praeterea
1531 3751 1662 3813 millibus
1685 3771 1758 3815 exeo

429 3853 542 3915 suinma
565 3856 769 3933 desperatione
792 3857 973 3915 manifestam
996 3856 1111 3933 peperit
1132 3853 1275 3916 salutem?
1307 3857 1362 3917 nisi
1383 3857 1423 3915 ita
1444 3853 1585 3915 colendus
1601 3862 1646 3913 est
1661 3856 1724 3913 ani·

360 3975 511 4028 §.rannus
534 3965 566 4016 ut
588 3958 721 4034 corporis
742 3954 950 4016 adminiculum
972 3975 1027 4033 pro
1050 3956 1184 4035 neglecto
1204 3958 1321 4035 penitus
1336 3956 1487 4017 habeatur.
1525 3954 1619 4017 atille
1635 3955 1724 4033 Apol-

428 4056 495 4116 linis
517 4056 636 4118 oraculo
657 4058 773 4135 sapiens
795 4057 938 4118 iudicatus
960 4059 1097 4118 Socrates
1124 4060 1200 4118 inter
1228 4077 1320 4138 pauca
1349 4059 1456 4118 bonam
1482 4058 1619 4134 corporis
1641 4057 1725 4117 habi·

360 4145 364 4153 *
430 4159 560 4219 tudiuem
583 4161 612 4217 iu
635 4166 700 4217 iudo
722 4157 839 4228 babuit;
873 4160 1005 4239 Pyrrhus
1033 4158 1211 4219 clarissumis
1238 4140 1426 4238 Epirotarum
1453 4159 1608 4219 renident
1630 4178 1648 4217 a
1670 4159 1726 4219 diis

429 4270 565 4338 precatus
587 4259 709 4338 legitur,
741 4268 769 4320 et
791 4264 940 4330 communi
962 4265 1094 4322 omnium
1116 4281 1259 4323 consensu
1282 4262 1429 4339 sapienter
1451 4278 1537 4321 orare
1560 4261 1759 4323 credunturas

429 4364 478 4440 qui
502 4368 601 4430 orant,

496 4550 507 4582 ἰ
526 4550 651 4599 exsudare
666 4551 758 4599 e...1o.
793 4547 804 4580 ⁴
818 4548 934 4615 docum]
948 4551 1137 4617 Panegyricus
1149 4548 1263 4599 Alberto
1276 4550 1443 4615 compositus
1461 4565 1486 4598 a.
1503 4548 1577 4599 1515.
1618 4550 1654 4583 ⁷·⁸
1665 4552 1726 4600 Vir-

430 4634 563 4699 gilienurn
578 4639 668 4684 7...10.
738 4635 854 4684 Aeneia.
868 4635 960 4685 1.lo3.
1026 4635 1047 4667 ¹³
1065 4637 1267 4685 ceterad...10.
1332 4633 1533 4682 ¹⁵ausimiam
1547 4634 1581 4684 Ε.
1643 4652 1727 4685 ausus

431 4719 486 4767 iam
501 4723 525 4766 7.
562 4734 656 4768 anisum
676 4721 730 4768 iam
749 4723 836 4780 ceter-r}
876 4719 931 4782 feci
947 4734 1030 4770 ausus
1047 4735 1114 4770 sum.
1186 4718 1207 4752 ¹⁷
1224 4720 1382 4784 persecutio
1396 4722 1487 4768 7...1o.
1559 4717 1676 4783 afyllum
1691 4721 1724 4770 B.

430 4801 451 4835 ¹³
470 4803 634 4856 PoeteAB.
697 4807 815 4869 poeted.
879 4802 979 4872 poetae]
999 4804 1103 4869 Vergil.
1122 4804 1190 4853 nen.
1205 4805 1241 4854 11.
1255 4804 1313 4854 5223.
1378 4801 1400 4836 ²⁴
1415 4805 1480 4868 fori.
1500 4804 1603 4853 iustam
1628 4808 1723 4855 etiam.

430 4886 607 4952 ²'vunlgod
640 4890 779 4951 Cl.supra
798 4904 980 4939 n.xcrv.xcv.
1039 4888 1062 4919 ³⁰
1081 4889 1164 4938 miehi
1178 4889 1211 4938 B.
1272 4888 1383 4953 aliquod
1395 4889 1428 4938 B.
1495 4887 1724 4955 ³2³³Appotlinis

431 4974 464 5021 D.
480 4975 503 5022 6.
557 4971 579 5002 ³⁵
597 4978 734 5037 praecatus
748 4975 773 5021 6.
794 4972 837 5022 Cf.
852 4973 971 5037 Appiani.
985 4974 1018 5021 de
1033 4974 1089 5023 reb.
1104 4973 1196 5023 Sanun.
1210 4974 1229 5023 i.
1244 4974 1263 5024 f.
