3917 5950
401 611 448 681 18
618 624 694 674 VIII.
719 638 802 673 cnosi
816 637 934 672 numm
946 636 984 670 nn
997 618 1149 672 nunnuusu
1161 636 1205 670 ue.
1230 636 1257 670 n.
1270 629 1291 670 3.
1305 637 1385 672 suns.
1401 629 1459 671 1⁵11.

398 814 466 858 eum
480 794 697 870 nipricantibns
711 791 917 852 consodalibus
930 790 1092 862 bonamfice
1106 781 1145 850 de
1157 796 1259 850 lesum
1273 793 1426 866 loquatuse
1439 792 1615 866 frequenter
1627 794 1692 850 ari-

401 901 468 959 didi
479 900 635 969 stimulant,
645 896 822 969 frequenter
829 909 944 968 preces.
965 892 1079 951 Incidit
1089 893 1252 966 aliquando
1261 909 1366 966 sermo,
1378 901 1410 953 ut
1424 903 1528 954 uestem
1541 899 1613 953 veile
1623 912 1693 953 nerr-

294 1010 304 1030 ·
344 1008 390 1056 §.u
400 1010 478 1061 tasse
498 1000 675 1059 credidisses
689 1003 743 1055 aut
757 997 913 1073 incussisse
927 997 1024 1053 mistus
1038 996 1116 1054 male
1133 995 1330 1055 audientibus.
1359 996 1477 1071 Scripsi
1490 998 1594 1055 eudem
1611 998 1654 1054 ad
1667 1003 1695 1054 te

362 1077 368 1089 ⁶
399 1104 475 1163 binis
489 1100 698 1161 verbosissimis
711 1100 819 1178 literis,
838 1100 895 1156 imo
909 1099 1144 1157 commentariis:
1166 1115 1244 1157 unas
1261 1101 1393 1158 commisi
1403 1102 1493 1174 patri
1506 1116 1586 1156 arveio
1600 1116 1694 1173 supe-

398 1208 489 1281 riore,
510 1218 578 1262 eum
593 1203 773 1260 nesciremus
782 1201 892 1275 plane,
908 1198 1013 1273 auibus
1027 1200 1088 1258 oris
1102 1204 1254 1259 terrarum
1269 1202 1433 1274 inclarere,
1449 1178 1508 1260 nisi
1521 1203 1602 1275 qrtod
1616 1218 1716 1274 piros

399 1308 471 1364 dant
481 1320 602 1363 rumore
615 1302 807 1362 monebamur
820 1309 847 1361 te
859 1301 955 1360 vittere
968 1303 1002 1359 in
1016 1301 1088 1360 urbe
1095 1300 1250 1361 Brunouis
1264 1304 1420 1376 spoliatum
1427 1324 1438 1370 ,·
1453 1306 1566 1363 alteras
1580 1303 1697 1361 tradidi

399 1424 497 1482 nuper
511 1422 610 1464 mense
625 1405 775 1465 decembri
787 1403 899 1464 Ioanni
912 1403 1030 1476 Aqititto
1044 1403 1095 1478 (itu
1111 1418 1181 1462 voco
1190 1403 1359 1479 proficuum
1374 1406 1589 1465 adolescentem
1603 1423 1620 1464 e
1635 1404 1694 1476 sa-

399 1510 481 1567 miliu
509 1508 741 1582 WeiperorumJ:
769 1507 843 1565 scivi
864 1501 971 1577 eodem,
986 1512 1116 1580 tempore
1135 1506 1189 1565 sab
1216 1523 1273 1580 quo
1298 1508 1372 1566 cato
1396 1524 1565 1578 versarere,
1594 1508 1695 1565 dmitos

395 1613 495 1687 primo
509 1626 529 1667 a
544 1608 685 1686 Madaro,
702 1596 886 1667 adolescente
900 1623 967 1667 mem
983 1607 1130 1666 bellatum
1148 1608 1220 1667 beru
1234 1610 1372 1682 instituto,
1391 1611 1499 1668 deinm
1516 1612 1638 1669 tectione
1653 1611 1698 1665 tui

398 1713 496 1774 Lossn·
508 1714 585 1771 dono
599 1711 673 1770 mint
684 1712 769 1770 missi
781 1726 800 1767 a
813 1709 948 1769 Mutiano
962 1711 1013 1768 illo
1024 1710 1212 1784 polplsistore.
1236 1710 1276 1769 In
1290 1728 1324 1770 eo
1338 1715 1547 1771 commentario
1562 1712 1694 1783 ditipen-
1706 1732 1729 1773 m

298 1865 303 1875 .
399 1823 446 1875 ter
464 1814 632 1890 perscripsi
656 1830 723 1887 quae
744 1813 800 1871 boc
822 1827 902 1869 anno
924 1811 961 1869 de
982 1828 1016 1870 re
1035 1818 1088 1868 tera
1110 1811 1212 1871 didici.
1247 1813 1303 1871 sed
1314 1816 1386 1887 quia
1404 1822 1527 1873 neraras
1548 1815 1694 1887 recepisti,

383 1919 503 1989 ,vellem
529 1915 680 1975 occidione
701 1915 859 1974 occidisse:
891 1929 950 1971 non
971 1914 1048 1972 enim
1074 1928 1173 1972 amites
1197 1915 1274 1972 scire
1299 1915 1405 1975 debeat
1425 1933 1492 1990 prete
1520 1916 1572 1975 tibi
1599 1917 1695 1973 einrico

344 2019 591 2078 §.t-communico.
628 2017 764 2090 Aquilius
785 2015 870 2090 apud
887 2015 1077 2074 Francorum
1099 2016 1208 2074 stadum
1229 2017 1326 2076 sedet:
1348 2018 1482 2077 discessit
1502 2034 1536 2076 eo
1563 2018 1694 2087 consitio,

401 2128 434 2180 ut
453 2127 481 2180 te
502 2120 593 2179 bonas
615 2125 695 2178 artes
719 2117 840 2175 audiret
863 2119 1104 2191 precipientem:
1135 2134 1203 2192 spes
1230 2135 1337 2192 t¹apum
1359 2118 1475 2191 seseltit
1494 2121 1602 2178 nttneio
1621 2118 1695 2190 sor-

402 2204 482 2282 tuito.
523 2227 623 2296 repete
644 2219 683 2279 ab
695 2218 876 2278 errabundo
894 2220 998 2277 literas
1018 2220 1216 2278 errabundas.
1262 2221 1328 2295 Epa
1349 2225 1466 2280 interim
1493 2218 1631 2280 cantabo
1644 2221 1729 2283 tibiis

344 2325 526 2386 §.scandum
548 2326 746 2391 cantilenam·
767 2321 822 2380 sed
841 2336 956 2378 surnma
976 2338 1096 2395 sequar.
1140 2323 1231 2382 Pater
1254 2330 1321 2382 titus
1339 2323 1450 2383 Ulisseo
1466 2297 1587 2396 'inpenio
1606 2340 1695 2397 pree-

401 2428 480 2486 ditus
500 2426 641 2486 callidior
660 2430 705 2483 est
724 2439 814 2498 quam
836 2429 869 2481 vt
887 2424 976 2496 plene
1005 2425 1198 2498 intellipatur.
1224 2428 1335 2499 quoties
1358 2442 1470 2485 mereim
1490 2428 1626 2500 loqusttus
1645 2431 1696 2496 est,

397 2529 575 2602 frequenter
592 2533 690 2586 nutem
710 2528 846 2599 loquutus
866 2531 919 2602 est,
942 2540 1059 2600 semper
1079 2527 1207 2586 ridicule
1229 2528 1266 2586 de
1285 2534 1313 2588 te
1335 2530 1542 2602 interroaavit,
1562 2528 1695 2585 domna-

401 2618 443 2689 vit
461 2635 492 2689 et
515 2637 543 2688 te
562 2629 748 2702 studiumque
767 2634 848 2686 tuum
869 2643 939 2686 voce
958 2628 1035 2686 adeo
1054 2629 1278 2708 contemptibili,
1305 2638 1338 2688 ut
1358 2632 1410 2689 vie
1431 2628 1586 2690 itube'reris
1609 2632 1696 2688 stirias

401 2735 495 2793 ossis:
516 2733 595 2790 miro
617 2731 754 2802 audires,
775 2732 803 2789 si
821 2730 925 2789 liceret
944 2723 1034 2789 entra
1053 2732 1206 2805 epistolam
1226 2735 1411 2807 exspatiari:
1431 2734 1480 2792 ilie
1500 2748 1568 2792 vero
1590 2740 1730 2805 quamn

402 2849 491 2908 quam
513 2834 591 2892 ludit
608 2833 766 2892 sordidato
787 2839 839 2890 tua
860 2834 1090 2906 existimatione,
1118 2826 1308 2895 nibilominus
1335 2842 1434 2894 tamen
1455 2834 1548 2894 laude
1569 2840 1622 2892 tua
1643 2835 1696 2891 mi·

401 2952 468 2996 rum
490 2938 521 2996 in
543 2936 662 2995 modum
680 2938 835 3011 pascitur,
859 2950 949 3009 quam
973 2951 1127 3011 unusquam
1147 2938 1220 2997 sotis
1246 2937 1348 3009 audit,·
1380 2943 1490 2996 coetero
1514 2937 1622 2996 occulit
1651 2937 1697 2994 vir

396 3040 550 3115 prudens,
571 3043 703 3099 animum
721 3040 887 3098 titillantem
901 3054 946 3105 ¹eu
961 3040 1019 3098 tuis
1033 3040 1196 3113 preconiis
1215 3055 1273 3099 mon
1288 3042 1410 3100 occulit:
1432 3038 1607 3111 inanisestat
1621 3038 1699 3098 illud

401 3142 510 3201 crebro
521 3142 558 3201 de
569 3149 596 3201 te
607 3144 752 3218 repetitio.
774 3156 867 3215 porro
880 3142 996 3200 coeteris
1010 3142 1184 3201 canentibus
1196 3145 1330 3216 receptui
1343 3158 1449 3218 novum
1460 3143 1524 3215 ipse
1538 3140 1698 3199 exorditur

398 3246 596 3319 postliminio:
617 3261 685 3318 quoe
704 3260 753 3301 res
768 3242 848 3302 *milti
866 3249 947 3330 certo
966 3242 1078 3302 indicio
1097 3242 1162 3314 suit
1182 3245 1272 3302 aliter
1292 3246 1330 3303 de
1345 3250 1373 3303 te
1392 3245 1501 3316 dicere,
1520 3245 1609 3322 aliter
1624 3259 1732 3304 sen-os

346 3335 469 3406 §.i-tire.
495 3353 657 3421 propterea
682 3347 781 3403 omnio
804 3346 843 3403 de
863 3352 890 3405 te
905 3347 998 3420 pleno
1018 3361 1070 3404 ore
1089 3343 1298 3405 commemoro:
1328 3345 1408 3404 ridet
1428 3347 1493 3418 itte,
1528 3345 1699 3418 vilipendit:

401 3447 467 3506 bem
486 3447 579 3506 babeo
600 3456 643 3520 te,
665 3442 795 3506 callide!
823 3448 885 3507 scio
908 3448 984 3521 quid
995 3447 1106 3507 ‘seritiss
1136 3448 1289 3521 satisfacis
1315 3454 1363 3507 tuo
1386 3449 1599 3522 circumspecto
1629 3465 1698 3507 ser-

472 3666 481 3700 ¹
500 3668 599 3733 nigris.
613 3663 818 3732 consodalibus]
837 3667 942 3717 veteris
960 3666 1083 3717 ubbntioe
1095 3665 1243 3729 Fumantes,
1264 3683 1279 3716 e
1297 3682 1353 3733 qus
1364 3668 1503 3716 Huttenus
1516 3668 1581 3718 olim
1595 3667 1698 3733 effuge·

403 3757 460 3814 rut,
485 3751 585 3803 ineolis
602 3752 794 3802 Benedictiuis
817 3752 864 3817 qui
886 3753 974 3817 nigris
997 3741 1123 3803 vestibus
1146 3756 1268 3802 utuntur.
1338 3750 1398 3802 ²ut
1415 3756 1520 3803 vestem
1543 3753 1617 3803 velle
1642 3768 1697 3803 mu·

401 3842 492 3901 tasse,
517 3836 697 3900 credidisses,
724 3842 773 3886 sut
795 3837 947 3887 incussitsso
964 3838 1055 3887 mines
1073 3835 1146 3886 mule
1165 3836 1352 3887 audientibus.
1367 3840 1391 3888 1.
1400 3841 1425 3887 2.
1434 3840 1458 3887 i.
1473 3838 1558 3888 Imeus
1574 3843 1640 3888 mate
1657 3854 1698 3887 sa·

401 3940 448 3973 uus
465 3938 546 3990 neque
562 3927 601 3973 etc
618 3922 790 3971 emcridandus
806 3927 858 3981 est,
876 3930 903 3973 ut
923 3925 940 3972 3
958 3924 1044 3972 dedit:
1062 3936 1164 3984 sermo,
1185 3927 1212 3971 te
1231 3923 1382 3974 incussisse
1396 3924 1485 3974 minus
1497 3922 1569 3972 male
1584 3922 1698 3971 audien·

401 4008 492 4072 tibus,
511 4012 542 4057 ut
554 4011 661 4058 vestem
673 4006 746 4056 velie
759 4011 882 4057 mutasse
897 4007 1019 4056 creditus
1033 4005 1138 4056 essss“.
1168 4005 1274 4057 Sensum
1285 4009 1350 4059 bine
1362 4025 1417 4060 esse
1432 4015 1510 4074 puta:
1529 4007 1634 4057 Incidit
1647 4008 1697 4056 nli-

402 4093 512 4158 qusndo
530 4108 633 4155 sermo,
652 4098 695 4154 ut,
715 4097 790 4141 metu
807 4094 941 4142 minarum
960 4091 1032 4141 mule
1051 4091 1230 4142 audientibus
1242 4094 1413 4143 incusserum
1427 4098 1592 4155 commotus,
1612 4093 1700 4142 vestis

402 4179 583 4229 mutationem
605 4179 666 4243 poti
682 4177 755 4228 velle
773 4192 828 4227 nou
845 4193 985 4242 nunquam
1003 4178 1080 4228 visus
1098 4192 1189 4240 esses,
1212 4182 1313 4243 postes
1330 4193 1395 4229 vero
1412 4178 1539 4243 deposito
1557 4176 1606 4227 ilio
1624 4183 1700 4234 metu

403 4264 531 4315 investiri
548 4278 717 4313 recususses.
737 4262 858 4311 b'onuiltit
884 4264 1013 4314 cecidisse
1030 4264 1138 4312 videtur.
1168 4261 1224 4312 Sed
1240 4264 1273 4312 de
1292 4264 1405 4312 liutteno
1419 4279 1503 4327 puero
1521 4278 1572 4312 non
1589 4266 1700 4312 mirarer

401 4350 426 4400 si
442 4353 570 4415 teperetur
587 4355 618 4397 ut
635 4353 740 4399 vestem
757 4344 831 4414 [qua
839 4348 970 4398 scholares
987 4347 1152 4398 Benedieliui
1167 4344 1317 4414 utebantur]
1340 4363 1406 4398 onso
1424 4352 1546 4397 mutasse
1566 4347 1699 4397 credidis·

403 4449 448 4484 ses
462 4441 545 4499 utque
558 4435 708 4484 incussisse
720 4429 768 4483 bue.
781 4450 839 4483 nam
846 4420 951 4498 periter
962 4434 999 4484 ad
1014 4449 1098 4483 ensem
1115 4439 1191 4499 utque
1209 4435 1246 4484 ad
1260 4439 1382 4485 calamum
1393 4434 1502 4484 liutteni
1512 4436 1626 4483 dexteru
1637 4449 1699 4483 sem-

400 4535 452 4584 per
467 4526 564 4583 parata
577 4519 638 4580 suit.
706 4518 718 4549 ⁸
736 4518 804 4568 urbo
815 4516 910 4585 Brun]
929 4519 1074 4569 Brunsoici.
1144 4517 1166 4551 ¹⁰
1182 4519 1276 4569 Lossii
1289 4524 1306 4569 i.
1318 4535 1341 4569 e.
1355 4518 1519 4579 Qrteretarum
1530 4525 1623 4568 contra
1635 4519 1701 4569 hos-

403 4610 456 4653 sios
473 4603 539 4652 libri.
604 4602 625 4634 ¹⁰
642 4601 765 4653 IIulinno
784 4606 809 4652 1.
875 4601 895 4635 ¹³
912 4604 1081 4666 francofurti
1096 4605 1133 4654 ud
1152 4605 1283 4655 Viadrum.
1340 4601 1362 4636 ¹⁴
1379 4604 1448 4669 Spes
1466 4618 1568 4669 vagum
1586 4603 1699 4655 fefellit.

404 4688 512 4739 Nunnio
529 4687 645 4737 fortuito
662 4693 758 4752 repete
772 4692 797 4740 t.
810 4692 836 4740 2.
849 4694 875 4739 el
885 4692 1001 4739 similiter
1014 4692 1039 4739 3.
1049 4692 1074 4741 t.
1127 4688 1149 4721 ¹⁶
1166 4689 1321 4753 ulysseor.
1375 4674 1397 4721 ¹⁸
1414 4688 1531 4739 ridioulo
1545 4692 1570 4738 1.
1623 4688 1646 4721 ⁸⁰
1663 4688 1698 4740 Il·

405 4766 449 4823 tei
475 4768 507 4835 fii
526 4770 599 4821 ludit
616 4767 677 4835 [siue
694 4772 765 4823 dicit
776 4772 857 4840 mulis]
874 4777 997 4840 seriptum
1011 4776 1092 4839 subse
1109 4778 1212 4838 sumpsi.
1234 4775 1287 4826 Illo
1304 4774 1366 4839 (Ille
1379 4774 1486 4833 MA.)
1505 4787 1640 4840 quemque
1659 4774 1698 4825 vi·

406 4860 446 4909 cit
464 4856 569 4920 (vincit
586 4859 611 4907 2.
626 4860 653 4906 3.
667 4855 704 4920 t.)
717 4857 789 4909 sord.
808 4863 858 4909 tus
875 4860 1091 4911 existimatione.
1127 4859 1312 4911 Nihilominus
1333 4864 1393 4912 edd.
1462 4859 1485 4893 ¹⁵
1508 4861 1613 4912 iudicio
1633 4865 1658 4912 1.
1672 4865 1698 4910 2.

404 4941 428 4973 ¹⁷
447 4942 540 4991 Loctan
558 4943 650 5005 „Hem
663 4978 730 4993 .....
744 4943 792 4993 vix
805 4943 969 4994 extolleret*
986 4948 1025 4993 ita
1040 4945 1080 4994 bis
1096 4947 1194 4995 lineolis
1210 4982 1228 5008 „
1249 4946 1267 4971 ⁴⁸
1286 4949 1404 4997 distinxit
1423 4949 1449 4997 3.
