3917 5950
735 641 756 688 1.
776 654 805 689 rn
825 655 956 689 uiinnnru
975 638 1214 691 nsssru'sunoru.
1234 656 1259 690 Α.
1274 651 1332 691 tooti.

558 828 583 866 ii
679 808 775 868 Manat
797 809 833 869 ao
856 811 972 887 iugenio
996 812 1080 888 copia
1102 812 1161 870 vira
1185 813 1255 871 luo:¹

606 909 750 988 Quicquid
772 930 838 972 oves
861 913 977 988 scriptis
999 919 1138 972 venturos
1160 914 1235 973 scire
1258 922 1387 991 nepotes,

601 1072 603 1077 ,
677 1012 739 1072 lloc
761 1021 844 1089 potes
866 1014 976 1073 ornatis
999 1013 1161 1074 excoluisse
1184 1016 1286 1075 modis.

607 1113 677 1182 Qum
699 1121 804 1174 notura
826 1114 917 1184 dedit,
941 1114 1078 1175 studiosos
1101 1117 1232 1176 conseris
1255 1120 1318 1186 arti,

559 1235 584 1272 is
681 1214 741 1274 Nec
763 1215 909 1275 rnnculant
931 1235 1033 1277 versus
1055 1217 1180 1276 barlima
1202 1217 1290 1277 verba
1314 1225 1387 1277 tuos.

606 1314 684 1376 Talis
707 1325 771 1376 erat
793 1318 935 1397 Phrygios
957 1319 1006 1396 qui
1029 1319 1158 1380 condidit
1180 1319 1254 1379 urbe
1275 1327 1404 1396 penates,

504 1404 506 1408 ’
679 1418 715 1476 Et
736 1417 812 1478 mole
834 1419 992 1479 Sarmatica
1016 1419 1092 1480 Naso
1115 1419 1247 1498 sepultus
1269 1421 1369 1487 humo,

607 1518 695 1579 Cuius
718 1526 746 1580 cl
768 1522 881 1581 ornavit
904 1521 1035 1581 Nemesis
1057 1521 1172 1582 laudate
1194 1520 1317 1591 libellos,

560 1637 584 1677 ii
680 1619 794 1700 Quique
818 1622 897 1683 dedit
919 1624 1030 1683 varium
1053 1622 1236 1684 Bilbilimuus
1258 1642 1340 1700 opus.

608 1720 685 1781 'lulis
707 1721 803 1783 adhuc
824 1725 935 1785 iuvenis
957 1744 1025 1785 cunr
1048 1727 1087 1784 sis
1108 1726 1270 1804 primisque
1292 1725 1346 1786 suli
1370 1727 1461 1793 annis
1554 1714 1556 1719 ’
1694 1744 1718 1782 ro

679 1823 807 1885 Ventura
830 1827 971 1886 ostiario
995 1825 1086 1904 gloria
1109 1835 1215 1905 (luania
1239 1828 1309 1886 viro.
1730 1805 1734 1829 ¹

609 1924 676 1984 Vive
699 1944 813 1985 ruenror
836 1929 942 1996 nostri,
966 1929 1016 2004 qui
1040 1936 1067 1989 te
1089 1927 1252 2006 delegimus
1273 1947 1375 1994 unum.

560 2043 586 2083 so
683 2028 784 2105 Sitque
807 2048 906 2088 comes
928 2029 1045 2107 scriptis
1067 2047 1183 2108 semper
1205 2029 1308 2109 Apollo
1331 2032 1396 2091 iuis,

958 2253 1118 2315 ,ΕΟΒΑΝΙ

705 2367 930 2419 GRATIARVM
946 2367 1058 2419 ACTIO
1074 2367 1377 2425 EXTEMPQRALIS.

611 2487 692 2560 Erpo
714 2491 779 2547 vote
799 2491 918 2562 lonpom
939 2493 1066 2564 superis,
1091 2489 1227 2563 liuttere,
1249 2491 1398 2560 secundis,

684 2589 850 2649 Catholicis
867 2594 957 2650 menti
977 2594 1072 2667 spiret
1090 2592 1194 2666 Apollo
1213 2599 1281 2651 tuoe.

610 2691 715 2764 Perpis
735 2692 852 2765 abicite,
874 2700 925 2752 tua
946 2699 974 2752 te
996 2699 1135 2768 expectat
1147 2689 1484 2765 Franesordio'votem:

574 2810 586 2848 i
681 2793 842 2871 Dimidium
863 2797 958 2854 nostri
977 2801 1005 2854 te
1024 2793 1160 2868 sapiente
1176 2793 1276 2869 simit:

613 2895 733 2953 Aemuie
755 2895 882 2969 Nasoni,
906 2897 997 2956 viridi
1018 2899 1166 2970 riprando
1187 2914 1307 2971 corono,

683 2998 722 3058 Et
741 3000 824 3058 titulo
846 3001 944 3059 multis
964 3000 1115 3074 nobiliore,
1146 2996 1237 3061 Vale!

467 3185 528 3234 Post
557 3187 744 3249 inscriptionem
766 3189 792 3233 in
815 3187 977 3250 pisa-prima
999 3186 1059 3236 libri
1075 3185 1191 3249 (Indicis
1213 3202 1240 3235 n.
1259 3185 1293 3251 Ι.)
1308 3190 1407 3251 papimi
1430 3189 1546 3250 lepontor
1568 3188 1595 3234 lo'
1619 3186 1690 3234 Croti

306 3281 308 3283 ’
395 3270 503 3320 liubiani
519 3269 661 3331 (iohannis
674 3269 771 3335 Iaeger,
791 3269 1037 3335 nomomensis),
1056 3277 1106 3319 tuni
1117 3272 1225 3321 nondum
1239 3271 1278 3321 dis
1290 3267 1426 3321 nomiminis
1438 3274 1568 3335 appellati,
1586 3286 1689 3320 versus:

782 3371 900 3422 Ioannes
918 3369 1068 3423 Domhoim
1085 3373 1251 3425 venatorius

921 3458 962 3507 Ad
979 3459 1127 3508 Lectorem
1698 3470 1723 3508 25

599 3539 693 3589 Pallos
712 3546 773 3590 erat
791 3541 926 3605 quondam
944 3542 1038 3592 multis
1056 3542 1226 3593 venerabilis
1244 3542 1300 3605 oris

666 3625 753 3690 Quoq3
772 3623 850 3676 stetit
868 3632 975 3677 tontum
993 3643 1047 3676 non
1065 3626 1142 3677 locus
1160 3642 1229 3677 vnus
1247 3632 1308 3676 erat

600 3709 709 3772 Inclyta
727 3710 879 3777 Coecropiis
896 3714 992 3777 precio
1009 3711 1133 3777 pollebat
1150 3712 1266 3762 Athonis

668 3796 706 3843 Ac
725 3795 838 3844 Rhodon
859 3796 975 3845 incoluit
992 3796 1097 3845 Phoebe
1117 3793 1223 3847 comose
1242 3801 1316 3844 tuam

600 3879 682 3929 Vrbis
700 3879 849 3929 Alexandri
868 3881 1027 3931 veneranda
1044 3880 1158 3946 palacia
1177 3882 1253 3930 ciues

668 3966 721 4014 Pro
740 3965 843 4030 Sophia
862 3965 959 4015 doctos
978 3963 1146 4016 constituero
1164 3966 1257 4016 domos

600 4049 734 4114 Tempore
753 4065 824 4100 nunc
844 4051 928 4100 otiam
946 4065 1001 4099 uon
1020 4047 1060 4100 est
1077 4050 1201 4115 Ingloria
1217 4049 1310 4101 nostro

668 4135 705 4183 Ei
722 4140 798 4184 leuet
816 4136 971 4185 innumeros
989 4136 1064 4185 Diuo
1080 4132 1185 4185 diserto
1202 4123 1277 4185 locos

601 4217 751 4290 Tlrurignre
770 4221 862 4284 gentis
882 4224 966 4285 caput
985 4217 1026 4270 est
1044 4219 1199 4284 Erphordie
1217 4217 1297 4270 testis

670 4304 738 4365 Qum
756 4304 852 4354 velent
869 4310 979 4353 veteres
998 4305 1172 4370 aequiporore
1191 4303 1306 4354 Scholos

602 4389 670 4438 Hice
689 4388 786 4438 nitidis
798 4386 892 4446 ‚lector
910 4388 1020 4437 canitur
1038 4388 1090 4438 tibi
1108 4386 1232 4439 versibus
1249 4385 1331 4438 Helii

670 4474 724 4535 Qui
742 4489 810 4539 puer
828 4471 869 4523 est
887 4474 967 4523 annis
986 4474 1123 4524 Carminis
1142 4479 1201 4523 orte
1221 4471 1302 4524 senex

468 4607 598 4657 Eobanus
617 4624 678 4659 cum
695 4610 800 4675 Lipsiae
818 4626 911 4662 mense
931 4610 1011 4660 Iunio
1030 4608 1296 4659 o.1514.Heroidas
1313 4609 1487 4658 Christianos
1507 4608 1616 4672 ederet,
1637 4610 1692 4657 iarn

401 4690 494 4757 paullo
513 4692 617 4740 maiora
635 4694 668 4743 de
687 4694 811 4744 Hutteno
829 4710 891 4757 suo,
916 4700 983 4759 puto
1003 4694 1037 4743 od
1056 4692 1236 4757 Quorolorurn
1254 4694 1291 4744 ΙΙ.
1306 4693 1376 4759 eleg.
1394 4693 1432 4743 10.
1453 4695 1507 4743 ‘Ad
1521 4701 1615 4758 poetas
1629 4695 1692 4743 Ger-

468 4877 491 4909 ’⁸
509 4876 641 4930 exoluiite
660 4897 679 4928 1.
694 4880 790 4943 (reieci
806 4878 968 4942 exsolvisse)
1037 4879 1059 4911 ²⁹
1077 4881 1094 4929 i.
1107 4895 1130 4928 e.
1147 4879 1275 4944 Verpiiiur
1327 4877 1349 4910 ³⁰
1368 4878 1476 4929 Ouidius.
1529 4877 1549 4910 ³¹
1574 4878 1694 4929 libutius.

402 4961 425 4994 ³²
443 4962 582 5012 :liertiaiie
634 4963 655 4995 ³⁶
673 4965 795 5014 venturo
813 4978 833 5013 1.
885 4962 1082 5013 ¹⁵onuc1invu
1101 4978 1121 5012 r.
