3917 5950
392 623 440 693 54
548 635 675 687 xxvln.
706 650 830 705 urrannr
841 649 879 686 ar>
891 648 1056 684 ureniana!
1068 648 1104 682 me
1118 646 1265 683 susannam
1276 647 1320 681 nr.
1334 646 1360 680 n.
1375 638 1466 682 nava
1475 639 1533 680 tata.

392 815 500 887 quanta
523 805 627 867 iniuria
651 803 790 864 molestus
805 805 862 864 est!
885 803 964 881 quod
979 790 1114 863 lronlines
1128 803 1226 880 inepte
1240 801 1277 861 de
1292 820 1339 863 me
1354 786 1492 870 iudicant,
1503 786 1580 863 *eam
1596 803 1625 862 in
1640 821 1687 861 me

393 909 511 988 culpam
532 914 665 986 torquet:
689 905 806 985 quando
829 907 906 966 enim
928 905 1063 984 arrogari
1085 905 1155 965 utilri
1178 904 1306 964 divinum
1328 910 1423 981 poetae
1446 923 1568 971 nornen,
1597 906 1687 963 inuno

394 1011 512 1090 quando
534 1027 593 1069 non
615 1016 729 1067 tanturn
751 1007 788 1067 ab
811 1006 990 1067 eiuscemodi
1011 1005 1170 1066 ambitione
1191 1005 1286 1075 ablui,
1315 1014 1456 1084 qnantum
1479 1005 1527 1066 ille
1548 1008 1586 1067 ab
1608 1009 1686 1066 omni
1722 1020 1729 1041 ·

393 1130 494 1174 rerum
517 1117 546 1172 et
567 1110 768 1170 doctrinarum
791 1110 957 1186 cognitione
978 1108 1175 1188 sycophanta?
1201 1106 1319 1168 Placeat
1341 1108 1429 1186 igitur
1450 1108 1522 1177 sibi,
1551 1117 1583 1168 ut
1606 1109 1687 1169 valde.

393 1212 503 1291 placet,
532 1229 567 1271 ac
589 1211 709 1280 iudicet,
743 1216 772 1270 et
795 1210 900 1271 babeat
922 1211 1073 1270 sententiae
1095 1208 1319 1287 adstipulatores
1339 1227 1401 1269 suae
1422 1211 1494 1271 istos
1521 1229 1590 1270 suos
1619 1217 1730 1275 con-sq

394 1311 586 1381 stabularios;
616 1330 670 1391 ego
696 1330 744 1372 me
772 1331 808 1372 ex
835 1311 899 1371 aliis
920 1313 1017 1372 lormo
1040 1321 1068 1371 ct
1090 1311 1292 1372 huiuscemodi
1319 1311 1470 1371 hominum
1499 1311 1542 1370 vel
1571 1311 1685 1371 larrdem

338 1413 440 1476 cover
461 1414 703 1492 vituperationem
726 1415 805 1475 iuxta
828 1415 949 1475 estimo,
994 1413 1042 1474 'lu
1062 1414 1122 1473 sive
1143 1414 1206 1474 haec
1228 1431 1293 1491 quae
1314 1415 1398 1474 mitto
1419 1411 1513 1492 leges,
1537 1415 1597 1474 sive
1617 1432 1686 1491 non,

394 1534 491 1594 neque
513 1516 590 1575 euim
612 1517 670 1577 hoc
691 1536 770 1594 agre
792 1517 900 1586 leram,
933 1534 1030 1594 neque
1052 1513 1122 1575 illud
1150 1532 1329 1592 magnopere
1357 1517 1458 1592 cupio,
1490 1522 1603 1574 tantum
1632 1516 1688 1575 boc

393 1618 480 1678 aude
500 1616 607 1686 literis,
641 1636 678 1677 ne
699 1619 771 1677 istos
793 1617 895 1678 audias
916 1619 1032 1695 ineptos
1053 1634 1207 1686 censores,
1241 1618 1341 1694 quiin
1364 1636 1398 1677 re
1419 1616 1474 1678 sibi
1502 1617 1618 1694 penitus
1644 1619 1687 1676 in·

338 1757 340 1760 ⁴
373 1720 509 1797 ,cognita
539 1722 635 1796 argnti
668 1737 733 1779 esse
759 1717 874 1778 volunt:
908 1717 979 1779 nibil
1007 1718 1117 1778 habent
1144 1719 1237 1787 enim,
1271 1736 1330 1797 quo
1358 1719 1453 1796 pomis
1482 1717 1585 1778 melior
1613 1720 1731 1781 fierint

394 1821 483 1899 igitur
504 1827 646 1899 quantum
668 1821 698 1880 in
719 1820 900 1898 disponenda
922 1822 978 1880 vita
1002 1837 1100 1880 mores
1121 1821 1164 1879 tui
1186 1838 1201 1879 a
1225 1819 1311 1899 vulgo
1334 1821 1542 1881 canonicorum
1571 1820 1686 1890 absunt,

394 1927 508 1983 tantum
542 1922 572 1980 in
603 1922 764 1983 tractandis
792 1908 895 1983 studiis
923 1923 992 2000 terge
1019 1923 1142 1982 istorum
1171 1922 1426 1991 cousuetudinem,
1460 1923 1511 2000 qni
1542 1941 1687 2000 nusquam

339 2021 522 2090 §.ailliterati
545 2024 638 2102 magis
659 2032 741 2091 sunt,
765 2041 853 2102 quarn
876 2022 926 2084 ubi
949 2024 986 2084 dc
1008 2023 1099 2084 literis
1120 2032 1220 2102 agunt.
1264 2023 1326 2084 lam
1352 2024 1520 2093 decrevisti,
1550 2023 1579 2084 id
1608 2024 1687 2102 quod

396 2125 544 2204 profiteris
567 2143 673 2186 curare
693 2143 801 2195 unum,
835 2143 935 2186 sacras
957 2126 1105 2187 orationes
1127 2133 1156 2186 et
1184 2105 1348 2194 cantiones,
1381 2144 1556 2204 mecumque
1585 2144 1688 2204 repre-

371 2216 499 2288 'lreudis
519 2233 578 2288 tuae
599 2229 687 2287 sortis
709 2227 857 2297 homines,
891 2227 939 2305 qui
968 2226 1109 2306 neglectis
1137 2228 1182 2288 bis
1204 2227 1311 2305 quibus
1332 2226 1438 2287 addicti
1460 2234 1544 2296 sunt,
1577 2227 1688 2287 alendis
1698 2246 1721 2285 n

329 2383 331 2387 ,
396 2330 479 2407 equis
501 2335 530 2390 et
552 2328 673 2389 canibus
695 2346 812 2389 ornnem
835 2346 956 2406 operam
978 2328 1165 2407 impendunt,
1201 2329 1352 2408 plurisque
1374 2329 1483 2391 faciunt
1511 2327 1587 2389 bene
1614 2331 1688 2407 sagi·

395 2436 494 2490 natam
522 2428 684 2490 caniculam
711 2448 800 2490 uuam
829 2436 879 2490 ant
904 2437 1053 2491 assuetum
1082 2431 1206 2491 sinistrae
1233 2431 1419 2509 accipitrem,
1454 2449 1542 2509 qnam
1572 2451 1688 2491 omnem

397 2533 527 2591 omnium
550 2549 702 2591 sacrorum
725 2550 847 2593 suorum
870 2533 1024 2592 rationein.
1068 2530 1154 2602 male,
1177 2551 1231 2610 per
1252 2533 1353 2622 sidem!
1376 2549 1435 2592 non
1452 2532 1567 2593 'utiliter
1582 2551 1689 2610 expen-

328 2632 471 2698 §.mdunt
494 2633 571 2691 enim
593 2631 800 2694 demandatum
822 2633 878 2693 sibi
905 2633 1057 2694 talentum.
1097 2633 1168 2693 nihil
1196 2640 1339 2712 praterea
1365 2636 1458 2711 magis
1485 2635 1531 2693 isti
1561 2641 1690 2694 contem-

397 2741 472 2793 uunt
493 2752 581 2811 quarn
603 2733 703 2794 literas
725 2741 754 2794 et
776 2754 842 2795 cum
865 2735 957 2817 literis
979 2735 1110 2795 literatos
1131 2735 1226 2812 ipsos;
1249 2744 1336 2814 atque
1359 2737 1388 2795 in
1410 2736 1456 2795 his
1478 2736 1724 2814 persequendisan

397 2835 541 2914 quosdam
563 2835 650 2914 plane
671 2842 812 2916 tyrannos
833 2845 939 2916 agunt:
962 2854 1031 2898 suas
1052 2838 1235 2906 venationes
1264 2855 1333 2898 suas
1354 2836 1504 2908 libidines,
1534 2833 1602 2898 snas
1624 2856 1690 2916 per·

328 2939 606 3018 §.inprecationes
629 2957 699 3000 suos
720 2947 838 3001 ventres
860 2940 1013 3001 nummum
1034 2938 1100 3001 loco
1122 2947 1308 3001 venerantur.
1346 2939 1464 3019 quidam
1487 2948 1515 3001 et
1536 2942 1689 3018 penrniam

398 3040 512 3111 colunt,
541 3043 626 3121 cique
648 3040 702 3102 soli
724 3061 846 3120 operam
868 3042 953 3102 dant:
983 3059 1109 3120 quorum
1132 3060 1208 3103 unus
1230 3041 1387 3121 llog'untiae
1408 3060 1503 3119 nuper
1530 3061 1620 3103 ansus
1648 3049 1691 3101 est

396 3143 475 3205 serio
497 3143 597 3205 dicere
618 3142 689 3204 nihil
712 3162 776 3205 esse
798 3145 932 3204 hominos
953 3146 1016 3204 sine
1039 3144 1179 3221 pecnnia,
1213 3162 1280 3205 eum
1311 3151 1409 3204 autem
1427 3145 1487 3222 ,qui
1516 3146 1691 3221 pecuniosus

397 3246 448 3314 sit,
477 3245 562 3306 facile
584 3246 681 3305 omnia
704 3264 770 3324 qnae
792 3247 828 3305 ad
850 3247 1015 3306 animorum
1038 3252 1067 3305 et
1090 3251 1248 3324 corporum
1272 3244 1468 3306 emolumenta
1491 3252 1560 3305 snut
1589 3264 1725 3306 neces-as

397 3347 488 3416 saria,
512 3347 690 3408 habiturum.
736 3346 760 3407 0
783 3348 978 3408 execrandam
1001 3347 1128 3407 hominis
1156 3365 1272 3417 vocem,
1301 3364 1320 3406 o
1342 3346 1491 3408 crudelem
1515 3349 1691 3408 orationem!

399 3466 464 3508 esse
486 3466 655 3527 quenquam
677 3449 750 3509 adeo
772 3450 890 3509 avaritia
914 3456 1108 3518 excaecatum,
1137 3456 1169 3510 ut
1191 3448 1335 3509 vilissimae
1356 3450 1400 3509 rei
1422 3467 1524 3510 omnes
1549 3449 1692 3510 humanas

398 3549 543 3629 actiones,
577 3552 640 3628 ipsa
671 3570 789 3629 quoquc
817 3551 912 3612 cilicia
942 3559 971 3632 et
999 3552 1121 3612 virtutes
1148 3551 1336 3629 posthabeat,
1370 3553 1479 3630 quique
1509 3557 1592 3629 putet
1619 3570 1691 3612 auro

398 3651 580 3711 sanctissima
602 3653 667 3712 ritae
689 3654 788 3714 munia
811 3654 991 3731 comparari,
1017 3652 1096 3713 haud
1118 3652 1203 3713 aliter
1224 3671 1312 3734 quam
1334 3652 1493 3733 populares
1514 3654 1584 3713 istos
1605 3652 1691 3728 tulga

330 3752 529 3823 crassiores,
559 3752 707 3814 clientelas
728 3774 764 3815 ac
784 3755 969 3816 adulatorum
993 3755 1161 3815 comitatus!
1193 3753 1286 3824 Quem
1309 3772 1365 3832 ego
1387 3773 1423 3816 eo
1450 3755 1503 3816 tuli
1531 3753 1726 3822 molestius,so

304 3879 310 3896 =
399 3854 478 3933 quod
501 3864 530 3916 et
550 3855 650 3943 literas
671 3855 828 3935 aliqnando
850 3856 949 3917 didicit
972 3862 1001 3917 et
1022 3873 1077 3934 pro
1100 3856 1188 3917 docto
1209 3855 1351 3918 babetur:
1373 3858 1452 3918 visus
1471 3864 1515 3918 est
1529 3857 1606 3917 enim
1621 3856 1692 3915 mibi

331 3985 390 4035 μθ,
399 3956 577 4018 authoritate
599 3976 651 4019 sua
674 3959 703 4018 in
726 3959 801 4018 banc
823 3960 996 4020 sententiam
1025 3957 1174 4020 abducere
1202 3958 1283 4019 alios.
1335 3958 1393 4019 Sed
1421 3960 1525 4019 missos
1552 3959 1693 4019 iaciamus

398 4063 471 4122 istos
492 4067 690 4140 praeposteros
712 4062 877 4121 canonicos.
928 4068 960 4121 tu
990 4060 1137 4121 derelictis
1164 4061 1250 4138 nugis
1276 4078 1311 4121 ac
1338 4060 1529 4139 nugatoribus
1558 4060 1587 4121 id
1615 4060 1692 4138 quod

399 4164 486 4235 iacis,
518 4171 569 4224 tua
592 4182 646 4242 age
668 4169 790 4224 tanturn.
831 4164 947 4223 interim
970 4163 1001 4221 in
1030 4162 1086 4222 boc
1115 4161 1196 4223 luctu
1223 4168 1325 4224 nostro
1353 4161 1554 4223 calamitosum
1583 4180 1691 4228 serrem,

330 4268 514 4347 §rqquoties
535 4266 681 4335 incideris,
705 4264 866 4326 consolare.
911 4264 953 4324 Ad
975 4271 1055 4324 tuam
1079 4265 1291 4341 protectionem
1308 4262 1602 4343 llierosolymitanam
1624 4271 1726 4341 optoss

398 4369 451 4429 tibi
478 4388 596 4429 omnem
619 4366 784 4429 felicitatem
808 4374 837 4428 et
858 4385 945 4445 quam
968 4366 1092 4426 mereris
1115 4366 1271 4427 fortunam.
1309 4365 1377 4427 Vale
1399 4364 1531 4426 feliciter.
1569 4383 1604 4425 ex
1628 4384 1694 4425 arce

398 4476 498 4530 nostra
520 4469 746 4550 Steckelbergli,
770 4469 905 4531 Calendis
927 4468 1058 4547 Augusti.

466 4635 585 4686 ‘rerum
604 4656 637 4689 nc
650 4642 717 4690 Α.2.
787 4640 797 4671 ⁹
816 4640 906 4690 literis
929 4638 1051 4688 om.A.2.
1109 4636 1291 4702 ine.,nliqaid
1314 4638 1388 4689 sciro
1411 4638 1501 4692 rideri
1525 4639 1631 4690 volunt.
1647 4636 1692 4687 3¹¹.

400 4718 420 4752 ¹¹
438 4722 586 4780 orationes,
606 4738 702 4775 sacras
720 4742 753 4786 c,
774 4729 803 4774 et
821 4735 927 4775 mecum
940 4725 1008 4774 Af).
1087 4719 1108 4754 ¹⁸
1127 4722 1206 4787 equis
1224 4738 1258 4773 ac
1276 4724 1342 4773 A.2.
1419 4723 1442 4757 ²³
1461 4725 1609 4790 eiqnenni
1627 4728 1694 4775 Aa.

397 4805 420 4839 ²⁵
439 4807 522 4857 anim.
542 4808 653 4857 acA.2.
722 4807 745 4843 ¹⁹
763 4824 860 4873 comp,
880 4808 957 4859 velut
974 4826 1037 4875 pop.
1051 4810 1118 4868 A.2.
1176 4806 1199 4840 ³²
1217 4807 1336 4859 iacimus
1349 4811 1375 4859 3.
1423 4808 1445 4842 ³⁷
1463 4810 1655 4876 Steelrelberg.
1668 4815 1694 4862 3.

850 4992 1239 5011 *-
