3917 5950
340 626 488 678 CLXXIV.
508 636 652 674 coenuno
663 637 775 671 rincuu.
796 622 928 670 CLXXV.
942 636 1196 671 nonsummum
1209 629 1538 674 nnnnn.ur.ttt.1vu.tattt.
1565 606 1637 677 359

346 724 364 763 ι

338 800 484 861 Adelman.
500 799 547 855 sed
570 796 637 852 nibil
655 796 742 852 aelliuc
760 795 820 850 vidi.
858 796 954 851 Paucis
971 795 1067 851 diebus
1090 796 1131 851 liis
1150 797 1182 852 ad
1201 814 1242 851 mc
1259 814 1290 851 er
1303 796 1440 869 lloguntia
1461 798 1571 871 scripsit
1587 797 1636 854 Fa·
1648 808 1693 858 §.a

339 888 439 944 britius
450 885 558 958 Capito,
574 883 651 938 carius
668 882 816 938 conciones
829 881 873 935 liic
892 898 1001 954 quoquc
1017 881 1058 935 vel
1078 899 1190 937 manuue
1203 881 1360 944 laudantur:
1376 883 1445 955 petit
1460 883 1487 938 in
1504 883 1640 957 posterio-

340 972 415 1028 ribus
435 971 538 1029 literis.
558 978 587 1024 ut
610 968 715 1023 mittam
733 966 784 1021 silvi
798 983 880 1039 opera
891 966 1030 1022 Ciceronis
1049 967 1138 1022 omnia
1156 966 1182 1021 in
1199 969 1286 1023 lorma
1302 967 1422 1041 portatili
1440 969 1473 1024 de
1491 968 1583 1023 littera
1595 967 1639 1022 lt-

338 1058 409 1113 dina.
447 1054 575 1128 inquisivi
589 1053 646 1114 liic,
669 1053 716 1108 sed
731 1053 842 1107 trustra.
875 1068 928 1106 non
945 1052 1001 1106 seio
1016 1051 1097 1107 alnum
1112 1060 1186 1108 certe
1201 1053 1246 1126 qui
1266 1062 1292 1108 tc
1310 1053 1398 1127 possit
1410 1062 1457 1108 aut
1471 1052 1577 1109 facilius
1592 1062 1639 1109 aut

319 1141 512 1198 ⁵commodius
535 1157 567 1195 ea
589 1138 616 1194 in
636 1155 666 1193 re
685 1154 787 1193 morem
810 1153 920 1208 gerere:
948 1136 1032 1192 halles
1055 1137 1087 1192 ad
1105 1146 1200 1193 nutum
1216 1147 1382 1194 mercatores
1397 1138 1568 1200 Venetianos,
1591 1138 1637 1211 qui

341 1227 408 1283 nibil
431 1225 481 1281 tibi
502 1225 646 1296 denegant.
687 1222 801 1277 obsecro
824 1229 863 1283 tc,
891 1221 914 1275 si
933 1238 1014 1294 grave
1042 1222 1166 1284 nonsit,
1194 1223 1298 1278 homiui
1315 1223 1460 1278 inservias:
1487 1224 1548 1278 novi
1565 1223 1638 1296 quod

340 1313 427 1367 virum
450 1309 553 1382 diligis.
598 1308 716 1382 pretium
735 1306 785 1362 tilii
804 1306 979 1379 integerrime
1002 1309 1177 1368 restituetur,
1203 1325 1244 1363 me
1268 1326 1415 1382 sponsore,
1436 1308 1517 1363 immo
1542 1317 1570 1363 ct
1592 1307 1638 1363 de·

339 1396 438 1452 bitere.
486 1395 514 1449 Si
535 1394 674 1449 orationes
691 1391 828 1449 Ciceronis
851 1390 945 1446 dldina
971 1409 1025 1446 nen
1051 1391 1150 1446 habeat
1171 1393 1330 1466 impressio,
1358 1392 1470 1448 alterius
1495 1392 1564 1466 petit
1589 1391 1638 1446 im·

340 1480 507 1556 pressionis,
530 1479 610 1535 modo
633 1478 688 1533 sint
711 1477 737 1531 iu
758 1477 846 1531 lovma
870 1476 1023 1548 portatili·
1053 1476 1088 1532 lle
1113 1476 1231 1533 llutteno
1255 1478 1281 1533 id
1307 1478 1365 1533 lieri
1387 1495 1402 1532 a
1425 1478 1537 1533 doctore
1557 1477 1694 1535 Glari-te.

307 1575 332 1614 ¹⁰
341 1567 442 1637 berger
464 1563 570 1637 accepi.
599 1564 672 1636 quod
700 1562 771 1617 intra
796 1568 859 1617 octo
886 1561 944 1616 dies
972 1579 1005 1616 ex
1026 1561 1163 1635 bloguntia
1186 1562 1283 1618 abierit
1302 1581 1396 1618 versus
1412 1561 1580 1619 llollaudiam
1604 1562 1636 1616 ad

341 1650 548 1706 l'erdinandnm.
592 1646 694 1703 addidit
715 1655 824 1702 centum
845 1646 870 1700 ei
891 1646 1010 1702 lloreuos
1032 1664 1092 1702 esse
1112 1655 1281 1710 numeratos,
1301 1665 1330 1703 se
1346 1657 1537 1722 procuratore,
1561 1648 1637 1702 iussu

341 1733 562 1791 reverendissimi
582 1732 684 1788 domini
704 1731 865 1804 bloguntini.
908 1730 1002 1804 Siquid
1030 1731 1094 1786 licini
1123 1731 1209 1787 habes
1231 1733 1264 1789 de
1290 1733 1407 1805 Georgia
1434 1740 1544 1794 nostro,
1567 1740 1692 1805 rogote

341 1821 414 1876 iuter
440 1818 645 1874 rescribendum
667 1832 864 1873 commemores
887 1816 966 1871 inihi:
997 1834 1051 1871 nitu
1074 1834 1186 1889 possum
1208 1834 1260 1891 pro
1283 1819 1376 1873 invene
1400 1835 1453 1872 non
1476 1835 1536 1873 esse
1561 1817 1637 1873 solli-

340 1905 427 1966 citus,
450 1905 494 1959 eui
517 1912 621 1958 tautum
643 1910 686 1959 est
706 1901 852 1974 ingenium.
888 1901 958 1956 Bene
973 1900 1031 1956 vale
1048 1910 1075 1956 et
1093 1902 1205 1975 antiquo
1224 1921 1265 1958 me
1284 1921 1377 1976 quaeso
1395 1903 1455 1958 love
1474 1902 1635 1976 patrocinio.

309 1989 416 2044 alteus
433 1984 576 2061 Philippus
597 1986 814 2059 Furstenlierger
832 1985 884 2040 iam
906 1985 969 2040 hinc
990 1986 1117 2041 discessit
1134 1987 1292 2043 rusticanum
1312 1987 1392 2044 simul
1417 2005 1477 2043 cuin
1503 2004 1586 2043 uxore
1609 1994 1692 2045 etas.

339 2073 449 2129 filiabus
470 2073 497 2127 iu
521 2073 656 2135 llinckau,
676 2072 709 2127 ad
729 2088 809 2144 quem
827 2089 879 2143 ego
898 2070 972 2125 linita
991 2071 1125 2127 residendi
1143 2073 1306 2128 necessitato
1329 2072 1425 2147 proc-ol
1447 2071 1529 2127 didiio
1553 2072 1575 2126 si
1599 2071 1636 2126 vi·

340 2176 398 2213 vam
420 2158 594 2218 descendam.
618 2166 648 2213 ut
665 2155 813 2228 lloguntiee
836 2173 945 2229 quoqne
966 2156 1067 2213 amieos
1090 2174 1191 2229 parem.
1234 2157 1325 2213 Saluta
1347 2174 1465 2232 generos
1483 2165 1545 2212 tuos
1566 2156 1690 2218 libe-§.a

340 2260 442 2316 rosque
466 2241 555 2296 verbis
577 2243 658 2303 meis,
679 2240 803 2314 inprimis
824 2239 963 2314 parvulam
982 2239 1054 2296 illam
1077 2250 1186 2315 neptem
1211 2250 1354 2317 tantopere
1379 2251 1442 2298 aute
1464 2249 1572 2298 aetatem
1596 2242 1635 2297 la·

340 2327 457 2384 cundam
474 2345 505 2382 ac
527 2327 678 2383 iucundam.
712 2324 749 2380 En
766 2325 889 2380 Frarrcol.
908 2324 996 2399 pridie
1016 2326 1077 2382 lilus
1095 2326 1162 2381 lunii
1181 2328 1259 2384 dnuo
1280 2335 1354 2388 1520.

305 2718 331 2756 te
357 2727 496 2760 cononum.
683 2735 685 2739 ·
893 2692 1084 2769 CLXXV.
1440 2721 1471 2763 16.
1486 2729 1543 2762 rvn.
1560 2720 1617 2760 152⁰.

339 2783 520 2792 ———
1418 2783 1638 2792 ——-———

563 2866 722 2924 ulnutcvs
744 2867 924 2924 CORNELIVS
946 2868 1089 2925 luntt‘l‘n
1112 2865 1168 2945 [lu
1189 2865 1412 2945 unvrnsuuttt]

667 2965 795 3016 IOANNI
813 2965 977 3017 ROGERIO
997 2966 1210 3017 BRENNONIO
1230 2966 1256 3016 S.
1274 2967 1310 3019 1).

424 3090 514 3150 Salve.
544 3088 693 3149 Breuuoui,
722 3095 750 3143 et
777 3089 914 3162 quomodo
937 3090 1007 3163 apud
1036 3106 1088 3144 nos
1116 3089 1256 3145 literarum
1284 3089 1379 3145 militia
1406 3090 1505 3151 valeat,
1534 3090 1633 3163 accipe.
1644 3100 1691 3149 §.t

338 3177 491 3248 Pugnatum
520 3180 563 3229 cst
591 3173 723 3229 liactenus
751 3173 778 3228 in
808 3174 1004 3246 theologistas,
1038 3185 1066 3230 ct
1093 3181 1189 3230 contra
1218 3174 1410 3248 predicatores
1443 3174 1505 3230 illos
1534 3174 1636 3229 validos

304 3289 330 3327 ῃ,
341 3261 527 3317 mendicantes
549 3257 712 3314 fraterculos
735 3257 923 3331 belligeratum
947 3267 1004 3321 est,
1027 3261 1113 3316 donec
1135 3277 1249 3333 magnus
1272 3258 1317 3314 ille
1338 3259 1465 3333 princeps
1479 3261 1636 3321 dstoretos‚

339 3348 391 3402 boe
414 3353 458 3400 cst
480 3343 526 3400 ille
548 3342 748 3417 Capniomastir
769 3343 882 3399 lacobus
904 3344 1097 3407 llochstratus,
1122 3345 1226 3400 ordinis
1248 3344 1471 3419 praedicatorum,
1494 3343 1637 3399 heretico-

337 3448 399 3487 rum
422 3429 568 3502 magister,
591 3426 761 3482 Coloniensis
783 3436 932 3485 conventus
955 3431 1045 3503 prior,
1073 3430 1104 3484 ad
1133 3429 1345 3486 internecionem
1369 3428 1456 3484 omnis
1485 3427 1560 3490 sulci,
1588 3428 1636 3483 do·

337 3516 435 3573 ctrinae
458 3522 485 3569 ct
508 3511 621 3568 honoris
649 3529 709 3567 curn
738 3513 871 3569 universis
899 3514 951 3569 sibi
978 3514 1179 3570 aittmrcnutns
1202 3514 1410 3571 boloniensibus
1438 3513 1636 3588 tlicosopliistis

337 3601 426 3657 victus
449 3607 478 3654 et
498 3596 662 3671 profligatus
684 3605 741 3659 est,
765 3598 871 3671 ipsique
894 3599 994 3654 iratres
1016 3600 1208 3673 predicatores
1230 3618 1280 3673 per
1300 3600 1451 3655 universam
1468 3598 1637 3654 Germaniam

306 3702 436 3760 sopacem
459 3682 626 3755 aCapnione
649 3689 676 3737 et
692 3680 835 3738 Francisco
859 3683 987 3756 Siclringo
1011 3683 1218 3758 quibuscunque
1239 3684 1443 3741 conditionibus
1466 3683 1539 3739 illam
1561 3702 1635 3740 acce·

339 3769 414 3843 pluri
437 3773 542 3827 esseut,
565 3766 706 3839 deprecari
727 3767 813 3822 coacti
837 3776 909 3823 snut.
954 3768 1006 3823 Sed
1028 3769 1089 3825 audi
1113 3772 1227 3831 maiora.
1254 3787 1346 3825 verum
1370 3787 1424 3825 non
1447 3776 1500 3825 tani
1524 3768 1586 3825 laeta
1608 3777 1690 3831 etat.

339 3870 473 3927 quorsum
501 3851 640 3907 audacium
667 3850 772 3924 aliquot
801 3852 940 3907 homiuum
969 3855 1169 3927 progrediatur
1197 3855 1282 3910 audax
1311 3855 1458 3911 tenneritas.
1503 3855 1565 3910 Fuit
1593 3854 1638 3909 liic

339 3938 410 4012 apud
434 3953 485 3991 nos
508 3935 642 3990 lluttenns
665 3953 725 3991 cnm
747 3935 853 4009 aliquot
875 3938 1038 3994 Lutberauae
1061 3940 1186 3995 factionis
1209 3939 1334 4001 asseclis.
1358 3941 1405 4014 qui
1428 3957 1499 3995 utine
1523 3940 1548 3994 iu
1572 3940 1637 3994 Cur·

340 4030 467 4082 lemnos,
491 4027 521 4075 nt
543 4028 653 4081 vocant,
677 4020 869 4094 Romanosque
892 4021 998 4094 legatos
1020 4023 1151 4079 calamum
1167 4024 1321 4097 stringunt:
1353 4024 1403 4098 ipsi
1420 4025 1499 4080 etiarn
1516 4025 1636 4079 llomauo

305 4105 463 4180 aspoutilici
478 4104 577 4160 infensi
592 4122 703 4177 magnas
725 4106 887 4168 seditiones,
911 4107 938 4161 ni
960 4108 1028 4163 deus
1050 4109 1205 4181 provideat,
1228 4109 1403 4170 concitaturi,
1425 4109 1488 4163 dmn
1512 4106 1636 4179 singulos

339 4190 489 4247 Germania
511 4189 649 4263 principes
671 4197 699 4244 et
721 4198 880 4263 potentatus
908 4193 1013 4265 magnis
1037 4193 1259 4266 persuasionibus
1282 4194 1475 4254 adhortantur,
1505 4199 1535 4247 ut
1558 4209 1636 4248 escu-

559 4302 582 4338 ο

339 4372 472 4423 CLXXV.
504 4385 622 4420 nnuurcr
641 4385 776 4422 connnnrr
793 4370 797 4435 Ι
812 4387 941 4423 nemeen
957 4372 961 4437 Ι
977 4390 1012 4425 nn
1038 4389 1237 4433 neri-osunen,
1260 4372 1398 4435 lnrvuurin
1417 4388 1537 4422 nimrim
1556 4388 1635 4428 novi·

339 4470 383 4506 ric
400 4454 404 4518 Ι
418 4470 842 4516 nvnarr‚nr1rnrsvrn1vsovn
858 4455 863 4521 Ι
879 4473 912 4506 ac
925 4458 1073 4507 Medicinae
1086 4458 1225 4517 Doctoris‚
1243 4455 1247 4520 Ι
1264 4472 1361 4507 onena.
1377 4455 1383 4520 Ι
1398 4464 1446 4507 etc.
1464 4454 1468 4521 Ι
1484 4454 1635 4523 avuncunl

372 4556 426 4589 nnn
438 4554 579 4589 beurunes
592 4554 726 4590 enerues.
743 4536 748 4608 Ι
763 4540 799 4590 8⁰.
812 4546 878 4590 tom.
893 4542 929 4589 ΙΙ.
942 4558 968 4605 p.
982 4541 1040 4589 772.
1055 4557 1094 4605 sq.
1109 4542 1168 4590 eive
1181 4540 1331 4606 Epistolcr.
1345 4541 1392 4591 lib.
1406 4542 1443 4591 Il.
1457 4557 1529 4591 unm.
1544 4558 1602 4591 mv.

1385 4611 1638 4624 -.-—-.—..-

406 4690 428 4724 ¹²
446 4689 558 4755 Georg.]
579 4690 715 4745 Gendero.
767 4691 789 4724 ¹⁶
808 4690 945 4758 Rinckau]
965 4693 1105 4757 Ildeinpau.

405 4773 426 4809 ²¹
450 4777 493 4825 Dc
512 4775 642 4826 Cornelio
659 4775 784 4841 Agrippa
803 4777 838 4825 ab
850 4777 1025 4827 Nettesheiin
1037 4761 1233 4843 Agrippinensi
1253 4776 1329 4841 (noto
1343 4795 1367 4829 a.
1383 4777 1457 4829 1487.
1477 4780 1534 4841 †a.
1551 4779 1636 4843 1535.)

338 4859 402 4909 vide
415 4865 480 4925 post
492 4859 563 4910 alios
576 4860 692 4910 Metaers
704 4861 961 4912 hebensdeseltreibb.
975 4862 1118 4912 beiddvnter
1132 4864 1251 4914 ,lldnuen
1273 4864 1374 4914 Zatia'clv.
1397 4864 1469 4915 laea.
1488 4863 1524 4915 8⁰.
1544 4864 1598 4916 vol.
1612 4867 1634 4916 1.

339 4959 366 5010 p.
379 4941 521 4995 213...406.
557 4946 732 4995 Brennonins
750 4946 888 5011 parochus
905 4947 1041 4997 Metensis
1058 4948 1189 5013 Agrippae
1207 4948 1359 5015 discipulus
1378 4951 1439 5000 suit.
