3917 5950
428 636 537 693 CXXX.
556 640 661 691 :nassa
674 650 736 690 sou.
750 649 787 688 un
801 649 882 686 nuru.
897 648 932 686 ns
946 646 1040 685 uncus
1054 645 1129 683 uano
1143 646 1185 682 ss.
1204 645 1230 682 n.
1244 636 1280 679 ts.
1293 643 1350 680 1v1..
1365 634 1423 678 tun.
1500 612 1573 689 283

293 813 417 873 motinus
436 817 491 871 aut
509 810 644 871 medetur
665 813 719 868 aut
738 806 893 882 componit.
936 822 1031 880 neque
1056 819 1222 880 quenquam
1249 818 1380 879 unquam
1408 804 1520 891 dimisit
1545 811 1578 866 at

293 915 433 975 nimicum
453 917 508 972 aut
528 917 562 972 ut
584 911 731 985 immicis.
774 911 845 984 quin
867 907 956 989 bilius
977 909 1081 967 domus
1101 906 1209 979 fatalis
1230 907 1369 979 quiedam
1387 908 1504 968 uidetur
1520 909 1576 981 se-

293 1019 394 1089 icitas,
424 1018 455 1074 in
479 1029 540 1090 aua
566 1028 651 1072 nemo
677 1013 751 1070 nina
777 1013 830 1087 aui
852 1025 910 1067 non
932 1016 1092 1083 prouectus
1118 1010 1155 1066 sit
1176 1008 1219 1065 ad
1239 1010 1387 1066 meliorem
1412 1009 1576 1083 fortunam,

293 1120 382 1178 sullus
411 1132 544 1191 unquam
571 1116 665 1173 ullam
688 1112 785 1185 samec
813 1111 908 1170 labem
933 1112 1093 1169 contraxit.
1142 1112 1212 1183 auin
1241 1111 1291 1167 aix
1327 1111 1402 1168 ullos
1431 1094 1601 1186 aperias,-

293 1218 387 1293 ntlbus
412 1220 458 1278 sic
484 1218 653 1278 conuenerit
673 1229 740 1272 cum
769 1219 879 1284 matre,
908 1218 940 1269 ut
963 1212 1118 1271 baiocum
1143 1226 1284 1283 nouerca,
1310 1226 1380 1269 nam
1403 1220 1493 1286 pater
1517 1217 1577 1277 iam

293 1322 410 1393 dterom
429 1319 608 1389 induxerat,
628 1320 784 1389 utramque
805 1330 863 1372 nan
884 1316 983 1373 minus
1004 1314 1158 1372 adamarit
1178 1329 1216 1371 ac
1234 1318 1376 1381 matrem·
1408 1331 1504 1389 nuper
1525 1312 1577 1374 inss

293 1422 372 1482 lucit
392 1423 524 1491 tertiam,
548 1418 607 1477 bac
624 1417 730 1475 Morus
752 1424 854 1475 sancte
876 1416 992 1475 deierat
1015 1432 1046 1474 se
1075 1416 1151 1474 nibil
1173 1431 1304 1489 usuariam
1330 1416 1438 1476 uidisse
1464 1419 1576 1477 melias.

293 1522 379 1583 botro
404 1537 480 1594 erpa
502 1528 645 1597 parentes
672 1535 710 1578 ac
734 1517 840 1576 liberos
867 1531 1042 1591 sororesque
1068 1520 1112 1577 sic
1134 1516 1262 1590 affectus
1288 1524 1344 1589 est,
1372 1524 1406 1576 nt
1424 1535 1479 1578 nec
1500 1527 1646 1585 amatim.

293 1624 402 1683 solerte
422 1639 478 1682 uec
496 1637 621 1696 usquam
649 1621 725 1679 desit
746 1617 848 1691 officio
866 1621 994 1692 pietatis.
1025 1619 1149 1677 Animus
1168 1629 1211 1676 est
1229 1635 1248 1676 a
1266 1619 1387 1677 sordida
1401 1622 1485 1679 litero
1498 1623 1578 1680 alie-

293 1727 434 1785 u'ssimus.
476 1722 592 1810 liberis
612 1724 674 1781 suis
698 1723 818 1779 semovit
843 1736 860 1778 e
885 1718 1081 1790 [caritatibus
1109 1721 1189 1794 quad
1213 1723 1273 1779 illis
1298 1723 1369 1779 satis
1395 1737 1457 1779 essa
1475 1728 1648 1795 putatssnn.

293 1826 366 1901 pund
385 1831 533 1900 superest,
553 1826 682 1897 larpiter
701 1821 839 1895 effundit.
875 1820 946 1880 Cam
966 1822 1206 1881 advocationibus
1228 1823 1329 1880 adbuc
1348 1825 1487 1891 aleretur,
1506 1827 1584 1883 nulli

293 1940 344 1987 sou
366 1925 450 1985 dedit
470 1926 597 1985 amicum
615 1939 774 1998 verumque
789 1922 958 1992 consilinm,
981 1915 1209 1996 mapis'illarum
1224 1923 1383 1989 commodis
1396 1927 1581 1999 prospiciens

293 2042 376 2103 ruam
390 2030 466 2095 suis,
482 2029 636 2102 plerisque
658 2029 760 2085 solitus
778 2025 978 2099 persuadere,
1002 2028 1046 2083 uti
1057 2027 1136 2083 litem
1152 2032 1372 2098 componerent,
1393 2027 1490 2084 minus
1503 2030 1581 2086 enim

293 2129 335 2189 lic
357 2114 431 2201 sore¹
451 2128 618 2202 dispendii:
650 2128 684 2187 id
703 2129 730 2186 si
749 2127 845 2185 minus
871 2126 1060 2199 impetrabat,
1089 2133 1150 2184 tum
1177 2127 1320 2184 rationem
1347 2126 1500 2186 indicabat
1522 2115 1581 2201 pua

293 2240 406 2291 nossem
432 2245 522 2304 quam
548 2232 667 2288 minimo
694 2227 852 2301 dispendio
873 2229 1008 2301 lilipare,
1039 2228 1160 2301 otiando
1184 2227 1360 2301 quibusdam
1387 2227 1438 2285 bic
1464 2231 1582 2288 animus

293 2338 343 2405 est,
370 2338 404 2390 ut
430 2331 528 2390 litibus
551 2332 640 2389 etiam
662 2332 852 2389 delectentur.
895 2329 932 2386 ln
954 2328 1027 2386 urbe
1046 2328 1258 2399 londoniensi,
1288 2331 1318 2386 in
1340 2345 1400 2402 qua
1422 2337 1509 2388 natus
1529 2337 1579 2402 est,
1591 2352 1609 2402 s.
1617 2354 1650 2399 ns,
1744 2356 1751 2369 =

293 2448 384 2493 annos
399 2434 513 2506 aliquot
533 2433 659 2490 nudicem
678 2432 739 2504 epit
758 2432 789 2488 in
811 2432 910 2501 causis
928 2430 1078 2495 civilibus·
1105 2430 1138 2487 id
1151 2446 1257 2489 muniis
1276 2434 1309 2488 ut
1327 2432 1478 2489 minimum
1496 2432 1584 2491 babet

293 2536 401 2606 oneris,
425 2529 508 2613 (nam
530 2548 588 2592 non
609 2533 729 2591 sedetur
751 2534 811 2590 nisi
831 2512 881 2590 dia¹
900 2531 979 2590 lonis
1000 2548 1093 2604 usquc
1111 2532 1155 2589 ad
1171 2526 1351 2611 prandium)
1378 2534 1420 2590 ila
1446 2536 1583 2608 cumpri-

293 2638 343 2695 mis
364 2635 559 2706 honorificum
580 2633 714 2693 liabetur.
753 2647 836 2691 nemo
855 2634 959 2707 plures
979 2649 1090 2691 caunas
1112 2634 1246 2705 absoluit,
1269 2649 1353 2692 nemo
1373 2650 1405 2692 se
1423 2638 1515 2708 pessit
1533 2638 1584 2694 in-

293 2722 419 2811 tep‘rius,
441 2737 566 2794 remissa
583 2737 735 2810 plerisque
752 2737 882 2808 pecunia
904 2749 993 2807 quam
1015 2751 1055 2792 ec
1071 2723 1254 2809 proesbeipto
1267 2735 1437 2809 debentqui
1451 2739 1584 2809 titipant:

293 2836 435 2913 siquidem
461 2843 531 2895 ante
557 2838 616 2895 litis
641 2837 878 2894 contestationem
905 2841 990 2894 actor
1016 2837 1137 2910 deponit
1169 2854 1224 2895 ser
1251 2836 1426 2907 drachmas,
1467 2840 1584 2898 totidem

293 2954 374 3012 reus,
405 2953 461 2998 nec
479 2939 607 3012 amplias
628 2939 786 3012 quicquam
804 2936 858 3010 sas
879 2944 924 2995 est
943 2939 1075 3010 eripere.
1121 2937 1177 2997 His
1197 2939 1326 2998 maribus
1346 2936 1456 3011 effecit,
1487 2945 1518 2997 ut
1537 2941 1584 2998 ci·-
1572 2938 1653 2989 09³⁴·

293 3043 375 3100 nitati
401 3056 465 3099 suoe
490 3043 577 3112 lonae
601 3039 794 3098 charissimus
821 3044 904 3098 esset.
953 3038 1134 3097 decreverat
1158 3049 1255 3098 autem
1283 3040 1343 3097 linc
1365 3039 1492 3111 fortuna
1524 3057 1586 3099 esse

293 3147 458 3211 constemus,
486 3155 554 3214 quac
578 3146 608 3199 el
632 3143 704 3199 satis
731 3140 852 3199 baberet
872 3141 1039 3198 autoritatis
1067 3157 1121 3198 nec
1146 3147 1242 3199 tamen
1269 3145 1344 3199 essct
1363 3142 1506 3215 praaibus
1530 3141 1585 3199 ob-

294 3245 388 3302 noxia
404 3243 560 3316 periculis.
603 3240 700 3300 Semd
725 3248 813 3315 alipio
839 3243 944 3300 iterum
971 3249 1112 3300 eutritsns
1135 3250 1178 3300 est
1206 3244 1238 3301 in
1259 3245 1449 3316 lepatianem,
1476 3244 1505 3299 in
1526 3237 1586 3316 bun

293 3358 359 3403 oum
387 3359 419 3402 sc
442 3342 646 3402 cordatissime
670 3344 821 3416 pessisset,
851 3357 910 3400 non
935 3346 1099 3416 conquieuit
1124 3345 1327 3403 serenissimus
1349 3360 1407 3402 reu
1428 3343 1586 3417 Henrieus,

293 3446 356 3504 eius
384 3439 510 3503 nominis'
536 3449 668 3515 umbus,
698 3445 792 3503 donec
819 3443 962 3501 bominem
990 3446 1020 3501 in
1051 3447 1151 3503 audam
1181 3462 1266 3504 silam
1292 3445 1497 3519 pertraheret:
1531 3461 1587 3503 aar

293 3547 371 3606 euim
393 3560 453 3603 non
472 3545 573 3628 dicam
594 3541 818 3620 ‘pertraheret'l
850 3547 949 3603 nialltrs
970 3562 1101 3619 utinquam
1123 3547 1317 3606 nrebementius
1345 3548 1447 3605 ambiit
1472 3533 1656 3604 inan-tbi·

293 3649 353 3706 lam
376 3647 507 3723 admitti,
535 3662 625 3720 quam
648 3645 697 3705 bic
717 3647 830 3705 studuit
849 3644 1001 3717 effiipere:
1034 3663 1134 3705 aeram
1156 3664 1221 3706 crim
1244 3655 1320 3707 esset
1344 3652 1452 3723 optimo
1472 3651 1538 3721 rapi
1558 3650 1589 3705 in

295 3750 395 3808 anime
413 3748 564 3822 familiam
587 3763 672 3806 suam
694 3747 834 3817 eruditis,
854 3749 1012 3820 pratibus,
1038 3749 1170 3807 cordatis
1191 3757 1220 3808 et
1241 3753 1364 3823 intepris
1385 3752 1456 3809 uiris
1478 3748 1589 3821 differ-

293 3857 353 3908 tum
375 3849 519 3921 reddere,
544 3865 611 3907 ciem
633 3852 709 3908 alias
727 3852 889 3924 permultas
911 3849 1102 3907 tumbiarum
1123 3854 1276 3925 inprimis
1298 3854 1418 3920 acciait,
1441 3867 1525 3925 quem
1547 3852 1590 3909 sic

294 3953 334 4010 in.
346 3951 457 4009 intimis
478 3950 566 4009 babet
586 3957 617 4008 ut
638 3967 658 4008 a
679 3968 711 4009 se
732 3966 885 4024 relinquam
902 3952 1042 4024 patiatur
1064 3952 1217 4012 discedere
1224 3975 1235 4023 ,·
1263 3957 1324 4012 sina
1343 3957 1429 4013 seriis
1450 3952 1589 4011 utendum

294 4061 349 4125 est,
376 4053 452 4111 nibil
472 4054 523 4111 illo
544 4053 719 4119 consultius,
748 4055 809 4111 siue
833 4054 925 4110 uisum
951 4059 996 4109 est
1019 4056 1088 4126 rapi
1110 4053 1225 4125 sabrdis
1246 4055 1456 4114 amanioribus
1478 4056 1589 4112 lauare

295 4158 442 4226 nmmum,
470 4154 552 4213 nullo
579 4168 675 4211 comes
699 4152 844 4224 sestiiior.
887 4169 967 4226 sape
988 4171 1037 4212 res
1056 4156 1165 4213 ‹indica›
1182 4156 1308 4216 indicem
1327 4171 1451 4229 proaem
1470 4161 1499 4212 et
1516 4154 1657 4211 aar-iii·

297 4256 397 4315 datum
417 4257 586 4330 postulant:
617 4254 673 4312 bas
701 4257 744 4313 sic
771 4254 877 4312 Morus
904 4254 1037 4326 discutit,
1067 4263 1100 4313 at
1126 4264 1253 4329 utraque
1274 4273 1352 4330 pars
1379 4256 1487 4315 babeat
1510 4269 1590 4327 prn-

296 4359 385 4426 tium:
417 4373 472 4417 nec
493 4363 591 4415 tamen
613 4357 705 4414 abeo
726 4358 881 4429 pruisquam
907 4356 1089 4428 impetrauit,
1118 4363 1151 4414 at
1169 4372 1275 4414 mitreus
1297 4374 1316 4414 a
1339 4370 1486 4430 quoquam
1505 4356 1590 4411 acci-

293 4463 396 4532 peret:
427 4457 533 4531 felices
553 4457 770 4532 respublicas,
799 4459 826 4514 si
845 4456 929 4514 Mari
947 4458 1057 4514 similes
1078 4459 1270 4530 mapistratus
1296 4458 1402 4530 ubique
1423 4458 1592 4530 praeficeret

294 4561 446 4635 princeps.
481 4576 537 4628 uec
558 4561 675 4618 interim
698 4560 788 4616 ullum
810 4558 934 4616 tuccessit
953 4560 1161 4631 supercilium:
1183 4560 1260 4617 inter
1281 4564 1380 4616 tantas
1401 4560 1589 4632 cupariorum
1600 4560 1618 4609 t.
1626 4560 1660 4605 ³⁷.

299 4661 384 4720 moles
414 4667 443 4718 et
470 4667 598 4721 ueterum
623 4661 818 4720 amictdorum
839 4658 990 4730 meminit,
1020 4666 1049 4717 et
1075 4659 1119 4717 ad
1143 4661 1246 4718 literas
1277 4660 1436 4719 adamatos
1468 4660 1593 4719 subinde

300 4793 501 4806 *—

361 4876 729 4960 ¹ini1n.uututomls.7.8.
771 4873 925 4940 ’quoia
966 4876 1217 4943 profect11s1.7.8.
1265 4877 1591 4928 ⁴ssmcru'diculoerrare

300 4963 354 5012 l.8.
389 4959 634 5031 'unquumbsqp
672 4961 693 4996 ¹⁰
706 4961 731 5029 o]
746 4969 774 5012 et
786 4961 845 5010 7.8.
882 4959 1177 5018 ¹⁸Londiuiensib...8.
1213 4963 1233 4997 ²¹
1247 4967 1329 5016 sext.
1350 4965 1416 5016 trois
1428 4981 1450 5014 s.
1462 4967 1518 5012 tres
1531 4967 1590 5014 cett.
