3917 5950
388 615 468 662 Xllll
665 638 668 643 -
850 612 852 616 ’
876 597 1014 650 lullonis
1032 597 1193 650 nummu.

389 789 435 848 dis
457 787 614 865 largiorem
637 786 725 846 luisse
748 803 835 864 quam
859 783 945 845 lrodie
968 784 1097 845 ieramus
1119 785 1217 846 uudlis
1240 785 1380 865 exemplis
1402 785 1497 846 dirliui.
1545 786 1682 864 equidmu

390 916 419 974 in
444 915 489 974 lris
512 932 630 993 quoque
652 913 742 973 relms
764 929 818 989 pro
840 911 984 989 religione
1007 930 1070 973 meo
1095 921 1126 972 ul
1148 915 1330 974 seuerissime
1354 912 1402 972 illu
1425 915 1553 973 veritalis
1569 912 1683 972 vulture

389 1041 497 1119 nequid
521 1041 670 1117 indignum
693 1038 896 1099 conmitlerem
925 1036 1029 1098 sedulo
1058 1041 1165 1099 sludui.
1210 1039 1303 1110 Quium
1328 1042 1356 1099 in
1385 1040 1514 1100 liislorlis
1535 1038 1682 1117 explican-

389 1167 449 1232 dis.
473 1167 502 1225 iu
525 1167 588 1225 vilis
611 1166 762 1227 hominum
786 1182 839 1242 per
862 1165 924 1225 lnee
947 1166 1057 1242 scripta
1079 1174 1367 1225 conmemoratorum
1391 1165 1519 1225 lrreriler
1542 1183 1682 1225 ernrrau-

389 1292 448 1360 dis,
478 1295 505 1351 in
534 1292 615 1351 libris
646 1309 772 1369 rqrrrrrmn
801 1292 910 1351 mentio
938 1291 1015 1350 lucta
1037 1298 1082 1351 est
1102 1299 1293 1370 vellerumque.
1314 1294 1491 1370 scriptorum
1515 1310 1580 1369 qum
1602 1291 1682 1351 adle-

390 1427 496 1479 rmdur
525 1418 622 1477 reulus
645 1417 814 1477 orlrurntius
836 1417 997 1477 imliraudis
1020 1417 1117 1478 aliisve
1139 1418 1297 1496 legentium
1320 1419 1525 1496 inpedimentis
1548 1417 1682 1477 tollendis

390 1548 560 1625 consumpsi
588 1562 724 1622 ciperani,
758 1542 919 1619 longiorem
949 1544 1099 1623 multoque
1128 1544 1349 1606 lalruriosiorem
1378 1563 1443 1604 eam
1471 1544 1560 1603 luisse
1593 1560 1681 1620 quam

391 1689 446 1748 pro
468 1672 607 1730 lenirilote
630 1670 779 1749 proleolus
800 1688 923 1729 securus
945 1667 1039 1729 leelor
1059 1672 1259 1740 estimarent,
1289 1689 1376 1749 quem
1403 1677 1502 1730 lumen
1533 1686 1587 1745 per
1609 1687 1682 1746 quus

391 1796 515 1857 iuenllns
537 1815 592 1859 rrer.
614 1814 682 1856 raro
705 1804 859 1872 eorrupms
881 1797 966 1883 eliam
989 1797 1049 1855 vius
1077 1797 1147 1856 milri
1169 1796 1342 1874 sepiuseule
1365 1795 1595 1873 perreplundum
1619 1794 1680 1853 iue-

390 1924 429 1983 ril
451 1942 505 2001 pru
528 1902 662 2001 nequitate
684 1941 736 1981 sua
759 1930 898 1999 reputare
920 1921 1024 1991 inlisu,
1047 1922 1104 1982 hoo
1119 1923 1254 2001 equidem
1271 1942 1330 1982 non
1345 1931 1404 1983 tam
1422 1930 1454 1982 ul
1469 1939 1578 2000 qumor
1593 1939 1680 1998 <qnam

390 2058 423 2110 ul
449 2048 569 2109 aemulos
600 2051 723 2108 ermen
752 2047 895 2107 lelieiures
922 2050 1049 2124 ingenue
1072 2050 1225 2125 prulileor:
1253 2068 1320 2109 num
1350 2067 1452 2108 eorum
1481 2065 1599 2125 qnoque
1627 2046 1681 2106 dil·

390 2175 559 2236 floullolimu
593 2192 651 2233 uon
685 2171 764 2233 mdln
798 2175 948 2232 aeslimulio
982 2173 1112 2234 iacienda
1143 2181 1201 2244 est,
1231 2174 1338 2253 quilius
1366 2176 1535 2253 impotenter
1559 2172 1682 2250 inpediri

391 2300 487 2360 solent
522 2303 571 2377 qui
604 2319 638 2359 ex
672 2298 790 2358 lmrrido
823 2298 967 2357 librorum
1002 2297 1226 2378 libellorumque
1249 2300 1297 2358 ¹de
1336 2298 1534 2377 singularibus
1568 2306 1681 2357 lantum

390 2427 477 2496 louis,
511 2426 647 2503 personis
675 2425 806 2483 rarrsisve
838 2423 1016 2500 scriptorum
1052 2424 1121 2485 silva
1150 2444 1200 2484 eos
1233 2427 1313 2503 ipsos
1346 2445 1451 2487 eruere
1484 2426 1539 2485 sibi
1573 2422 1681 2488 volunt.

392 2552 470 2613 unde
492 2552 592 2611 nolitia
614 2568 715 2610 renim
738 2552 893 2610 maximnm
917 2558 1030 2627 prandens
1053 2568 1106 2628 per
1129 2570 1160 2610 se
1175 2549 1395 2619 vilissimarum,
1419 2570 1475 2628 quo
1492 2561 1588 2611 tomen
1604 2569 1682 2628 egre
1730 2556 1732 2562 ’

391 2679 507 2757 sapiens
529 2677 622 2737 leomr
644 2683 756 2746 carent,
781 2677 934 2737 commode
956 2677 1014 2754 peti
1038 2678 1163 2755 possim,
1187 2696 1319 2757 quosque
1342 2680 1454 2738 etiamsi
1477 2679 1525 2756 qui
1548 2680 1605 2737 sinl.
1621 2677 1682 2737 idu-

392 2805 440 2864 nei
454 2804 604 2870 didiceris,
629 2804 824 2874 lruslraneam
840 2798 1032 2883 conquirendi
1055 2821 1175 2880 npemm
1199 2804 1290 2864 doliis.
1337 2805 1435 2883 Siquis
1456 2804 1574 2864 lorrdem
1591 2821 1682 2880 qums

391 2931 529 2994 (londoni
557 2931 708 3009 scriptoris
736 2929 925 3009 reliquiorum
949 2934 1115 2992 llerrmnus
1145 2931 1240 2991 editor
1267 2950 1326 2992 nou
1355 2932 1529 2993 Gerruoniee
1557 2931 1681 3007 scripse-

391 3061 446 3118 rim
469 3075 503 3117 ex
527 3076 574 3117 me
596 3065 722 3136 queml,
747 3057 803 3116 lior·
825 3058 928 3118 hulieni
953 3076 1127 3135 responsum
1150 3059 1220 3119 silri:
1244 3060 1375 3137 qumuis
1390 3058 1460 3118 milri
1476 3076 1593 3137 quoque
1609 3060 1682 3117 Ger·

390 3187 504 3246 manice
526 3203 614 3262 quom
637 3185 736 3244 ludim¹
758 3184 889 3243 seribere
912 3191 992 3244 uerte
1014 3185 1125 3245 surdius
1148 3185 1246 3252 (fedol,
1277 3186 1437 3246 llnllenum
1466 3194 1563 3244 larrren
1587 3183 1681 3261 plem-

391 3329 449 3390 que
477 3329 529 3371 sua
553 3310 654 3370 liuline
683 3311 851 3388 scripsisse,
879 3329 976 3389 neque
1005 3312 1074 3371 mild
1100 3313 1267 3372 Latinarum
1297 3310 1459 3372 lillerarum
1489 3311 1682 3388 ignorantiam

391 3437 468 3496 inter
482 3438 672 3498 Germanicus
694 3437 801 3516 quilius
822 3433 983 3512 gloriemur·
1006 3439 1089 3498 «letes
1111 3437 1323 3498 numerandam
1345 3437 1451 3506 rideri3
1474 3443 1561 3516 alque
1576 3444 1609 3495 ul
1624 3454 1681 3494 non

391 3564 485 3624 doelis
506 3562 602 3623 sulum
626 3565 662 3623 ila
686 3583 739 3623 uon
762 3565 915 3626 ineruditis
937 3566 993 3625 hoe
1023 3563 1190 3641 exeurplum
1218 3564 1333 3632 «efferri,
1362 3581 1489 3642 querum
1512 3563 1616 3641 siqmul
1639 3568 1680 3618 esl

391 3691 634 3752 lludenianorum
659 3689 801 3750 librorum
825 3690 1019 3761 desiderium,
1049 3693 1098 3770 qui
1122 3690 1259 3768 respleuul
1280 3690 1357 3767 aprud
1381 3709 1435 3749 uros
1457 3708 1515 3749 non
1539 3689 1679 3749 deermnr

391 3819 500 3889 Grues,
517 3816 619 3885 serbo,
643 3836 701 3877 mm
724 3818 762 3876 ila
786 3818 966 3897 lneqrmntia,
992 3817 1132 3896 pleraque
1155 3818 1217 3877 lere
1240 3818 1355 3879 (sirmio.
1381 3834 1447 3877 eum
1470 3818 1545 3876 inter
1567 3822 1680 3874 unstra-

390 3953 434 4006 ιω
462 3943 545 4006 mulli
575 3946 624 4021 qui
648 3944 748 4004 lulius
776 3945 876 4023 legere
904 3945 1071 4005 didicerunt
1098 3943 1144 4005 illo
1176 3961 1279 4021 purum
1310 3943 1492 4020 intellegant,
1522 3943 1623 4002 Latine
1652 3941 1680 4000 in

350 4133 354 4142 ,
390 4074 466 4134 nolis
489 4072 639 4149 adscripsi.
685 4071 803 4131 llutleui
835 4074 942 4150 seriplu
972 4074 1009 4132 ilu
1039 4071 1127 4131 edere
1149 4071 1220 4130 milri
1244 4071 1398 4147 proposui.
1428 4078 1461 4130 nl
1488 4068 1564 4129 inler'
1592 4086 1683 4145 pums

391 4200 579 4261 lrisluriurum
607 4217 640 4257 or
670 4198 832 4257 litterarum
857 4199 1098 4258 limuuuuieormu
1127 4198 1223 4256 lomes
1246 4215 1311 4275 qum
1333 4198 1537 4275 reciperentur
1560 4214 1613 4273 pur
1636 4212 1682 4253 me

391 4346 448 4388 non
472 4327 589 4402 indigue
614 4332 726 4392 essuu,
757 4333 785 4383 el
817 4331 849 4384 ul.
877 4333 948 4402 upul
975 4323 1046 4384 olias
1073 4342 1191 4402 quuqm
1215 4324 1347 4383 rralioues
1370 4323 1579 4384 llrdleniamun
1604 4321 1683 4380 sidus

390 4473 444 4514 suo
466 4453 591 4516 lumine,
621 4452 698 4529 quml
722 4451 821 4530 duglis
844 4451 906 4511 lere
930 4451 1069 4528 purime.
1100 4449 1189 4510 Gallis
1210 4450 1354 4518 soluisse.
1385 4451 1520 4510 Ausoniis
1548 4448 1684 4525 geruinus

367 4580 473 4664 ,qumi
502 4598 535 4638 es·
567 4579 695 4653 ipserum
723 4578 941 4657 oriliquilnlilms
970 4577 1119 4655 relulgens
1151 4578 1319 4656 udpurelrit,
1353 4576 1505 4655 splendide
1538 4574 1680 4636 rutilaret.

391 4707 546 4782 niger-um·
569 4711 682 4770 aulem,
712 4706 736 4763 si
765 4705 838 4764 (leus
867 4679 952 4764 silum
982 4705 1061 4765 dolui
1084 4706 1153 4766 milri
1177 4725 1231 4765 nee
1254 4705 1319 4765 lilui
1342 4704 1561 4781 redemptorem
1584 4702 1611 4760 ei
1634 4700 1683 4759 de·

391 4839 490 4894 serum
513 4834 540 4891 iu
564 4848 690 4909 ‹qruuum
714 4831 856 4891 lrmuuem
880 4830 1090 4911 ulililolemque
1112 4831 1292 4909 puhlirolur,
1315 4838 1409 4891 tolum
1433 4849 1507 4909 opus
1528 4832 1555 4890 iu
1572 4835 1683 4906 sepiem
