3917 5950
519 610 595 661 LIII.
615 625 822 661 insumemus
834 627 871 661 sn
884 626 1035 662 nvrrsnvu
1048 629 1090 662 er.
1105 628 1131 662 n.
1145 618 1178 661 to.
1192 630 1250 664 ivn.
1265 611 1324 663 titt.
1495 600 1565 671 137

269 799 289 840 a
307 782 555 857 persequentibus
575 788 654 841 tutus
671 781 788 854 suisset.
834 782 889 841 sed
908 781 996 854 detes,
1019 786 1073 857 qui
1089 786 1298 859 proculdubio
1313 786 1589 862 inpartibussuit‚

269 886 425 959 uirumque
446 886 626 943 innocentem
648 901 689 943 ec
709 900 761 943 are
783 883 912 943 leonum
940 891 969 943 et
992 888 1163 946 Draconum
1185 891 1310 962 eripuit,
1344 891 1395 948 iile
1419 890 1476 948 sibi
1498 892 1567 948 ein-

269 988 381 1045 dictom
403 988 579 1057 reservavit,
602 1002 691 1060 quom
713 1002 766 1045 suo
790 992 921 1060 tempore
941 990 1066 1059 prauius
1083 987 1271 1060 fulminaret.
1308 992 1373 1050 ideo
1394 994 1482 1050 etium
1503 994 1567 1051 sine

270 1087 546 1148 Reucblinistarum
569 1088 700 1147 uindicta
721 1089 807 1163 impii
824 1088 972 1162 peribant.
1011 1089 1083 1148 bena
1106 1093 1197 1163 ipitur
1218 1109 1378 1167 speremus.
1422 1094 1567 1153 Erasmus
1577 1096 1621 1147 §.t-

250 1192 448 1265 ⁵Antuerpioe
467 1195 529 1257 eu,-
560 1190 656 1249 edidit
676 1193 736 1249 iam
757 1192 969 1248 commentaria
990 1207 1082 1265 super
1099 1192 1190 1251 Pauli
1209 1197 1360 1269 epistolas.
1393 1213 1460 1269 quiec
1487 1213 1567 1255 nnnc

272 1292 408 1352 Bositcce
429 1293 658 1367 imprimuntur,¹
681 1292 809 1351 donatus
828 1299 871 1351 est
892 1308 911 1349 a
935 1291 1043 1352 Corbio
1063 1310 1134 1366 repe
1149 1297 1266 1368 pinpui,
1288 1304 1321 1355 ut
1340 1303 1453 1368 cocunt,
1476 1299 1567 1356 bene-

267 1397 347 1469 ficio.
389 1410 499 1468 mapno
524 1396 623 1452 animo
643 1410 820 1453 susurrones
841 1395 919 1466 titos,
942 1397 995 1468 qui
1015 1397 1143 1468 picotidie
1162 1399 1191 1455 ei
1210 1400 1376 1475 minantur,
1404 1402 1567 1470 contemnit,

271 1500 358 1557 immo
377 1497 504 1557 deridet.
547 1496 633 1554 baud
650 1496 742 1555 credo
769 1494 926 1554 nebulones
954 1498 1071 1571 aliquid
1095 1507 1200 1557 contra
1225 1502 1307 1558 illum
1335 1517 1477 1558 ausuros:
1507 1480 1567 1560 inm

270 1603 349 1660 enim
375 1601 546 1659 temeritatis
564 1614 628 1657 suoe
648 1613 770 1672 poenam
791 1598 916 1669 decime,
938 1608 966 1656 et
988 1600 1038 1657 ille
1056 1603 1191 1659 aculeum
1210 1600 1306 1660 babet.
1346 1601 1489 1661 Salutabo
1507 1603 1565 1661 bo-

238 1709 263 1750 ¹⁰
271 1705 396 1773 minem,
422 1707 455 1759 nt
475 1702 597 1769 iussisti,
626 1698 721 1759 uerbis
746 1702 812 1758 tuis.
862 1699 1022 1774 Tyrannus
1042 1702 1091 1759 ille
1112 1718 1171 1760 non
1193 1705 1284 1761 sotum
1301 1712 1395 1778 pacta
1417 1721 1474 1763 non
1498 1708 1625 1762 ser-in.
1717 1750 1723 1761 .

271 1810 334 1871 rut,
367 1819 469 1863 aerum
489 1810 595 1862 contra
608 1798 828 1876 'Imperatorem
849 1818 964 1875 quoque
983 1805 1179 1876 pertinaciter
1199 1807 1277 1877 uait:
1300 1822 1354 1864 aec
1375 1808 1503 1864 iniuria:
1525 1809 1566 1864 ita
1671 1848 1675 1855 .

269 1909 348 1965 enim
367 1907 487 1979 acatius
509 1903 630 1977 referre
654 1907 748 1967 soient
774 1904 912 1978 improbi,
941 1920 1007 1962 curn
1035 1912 1140 1963 contra
1162 1907 1302 1965 iustitiam
1330 1909 1417 1965 tutati
1438 1907 1566 1980 suerint.

270 2024 329 2066 non
352 2007 442 2081 quod·
455 2005 571 2065 Casari
589 2007 663 2064 totio
681 2006 815 2065 obiiciam
846 2003 925 2083 (nom
946 2007 1072 2080 optimus
1093 2016 1136 2067 est
1154 2011 1311 2083 princeps,
1335 2026 1435 2068 uerum
1454 2016 1565 2068 tratura
1611 2030 1617 2039 ·

269 2124 327 2167 sun
341 2109 380 2168 ab
394 2108 534 2184 improbis
545 2107 616 2180 frui
628 2124 687 2165 non
699 2105 902 2181 permittitur),
920 2110 1033 2181 cripuit
1050 2106 1208 2182 Tyrannus
1224 2113 1287 2181 ilie,
1311 2118 1343 2169 nt
1359 2114 1443 2175 nosti,
1465 2128 1566 2171 arcem

237 2210 428 2285 ¹⁵quandam
445 2209 556 2269 Ericbo
577 2211 677 2268 comiti
695 2209 733 2268 de
746 2208 932 2284 chninpen,
955 2209 1154 2284 Hortenberp,
1174 2213 1202 2269 si
1220 2211 1293 2272 bene
1307 2215 1433 2283 memini,
1457 2217 1566 2287 appet-

270 2314 362 2371 iatur.
407 2312 490 2370 ittam
512 2315 573 2371 iam
594 2311 759 2371 Francisco
779 2311 817 2369 de
838 2309 1001 2383 Sicbinpen
1023 2312 1163 2384 tradidit,
1187 2320 1219 2372 ut
1239 2316 1310 2373 ilinc
1331 2314 1483 2387 resupium
1506 2316 1566 2373 bo-

270 2414 348 2473 beat.
391 2413 540 2473 Audit-'isti
555 2420 705 2488 praterea
726 2428 783 2487 quo
802 2421 892 2487 pacto
914 2402 1015 2471 arcc'm
1037 2422 1066 2471 et
1082 2415 1204 2488 praedia
1228 2415 1344 2479 Comitis
1366 2417 1404 2474 dc
1425 2416 1623 2489 lIeIlt'ea-id.

270 2518 346 2575 stein
361 2517 433 2590 ipne
446 2516 621 2584 uastauerit;
639 2531 719 2574 nunc
735 2529 819 2584 aero,
840 2522 872 2572 ut
886 2517 984 2586 uiuunt,
1006 2518 1111 2575 multos
1126 2515 1259 2576 Bouaris
1274 2519 1475 2579 incendiarios
1493 2519 1567 2578 sub-

270 2620 359 2677 misit.
401 2620 472 2692 quin
493 2617 662 2693 Zepsolsum
686 2616 724 2676 de
737 2614 922 2689 Rosenberp,
944 2615 1088 2676 Liidouiei
1109 2618 1147 2676 de
1160 2618 1270 2677 Ilutten
1289 2627 1459 2693 copnatum,
1482 2625 1567 2695 quem
1674 2637 1686 2667 ·

235 2722 381 2796 ”pacui
402 2719 491 2778 dubio
510 2722 598 2789 nosti,
620 2719 770 2778 submissis
787 2717 962 2792 quibuisdam
985 2720 1125 2794 improbis
1147 2737 1255 2792 mapno
1278 2722 1387 2782 darrzno
1408 2722 1511 2795 offecit
1530 2739 1568 2783 ac

268 2822 392 2898 praedio
411 2821 512 2894 ferme
534 2822 633 2880 omnia
660 2821 753 2895 unius
779 2820 916 2879 inccndio
942 2823 1054 2880 euertit.
1096 2822 1209 2881 Scribis
1237 2830 1264 2882 te
1292 2841 1350 2883 non
1370 2833 1459 2883 entra
1475 2827 1623 2900 peri-§.u

269 2927 371 2986 edum
392 2940 473 2985 esse:
500 2929 529 2983 et
548 2927 628 2982 recte
650 2921 785 2997 quidem:
813 2923 891 2980 nouit
911 2924 990 2981 euim
1012 2924 1061 2983 itte
1085 2930 1112 2984 te
1138 2927 1286 2985 orationes
1307 2927 1515 2986 acerbissimos
1534 2929 1567 2985 ia

269 3044 336 3087 curn
367 3028 596 3102 conscripsisse·
627 3041 682 3083 nee
702 3024 814 3083 dubites
831 3023 951 3096 fratres
972 3027 1118 3101 illosum
1142 3035 1170 3086 te
1194 3035 1343 3087 cunctorem
1372 3030 1567 3088 obscurorum

270 3146 334 3188 esse
353 3130 525 3198 clamitant,
558 3129 640 3186 iilum
661 3133 766 3185 contra
790 3131 817 3184 te
835 3128 995 3200 instipore:
1027 3131 1095 3187 noni
1119 3132 1196 3187 enim
1224 3131 1297 3203 pisid
1320 3131 1469 3190 scribant:
1497 3147 1567 3190 nam

233 3234 332 3306 ”ipsi
351 3233 467 3291 s'celero
488 3245 545 3289 sua
565 3230 716 3289 occultare
736 3236 892 3302 nequeunt.
936 3229 1014 3288 Cone
1039 3231 1147 3303 ipitur,
1178 3249 1215 3290 ne
1240 3249 1342 3290 eorum
1369 3235 1490 3292 consitio
1515 3232 1568 3292 tibi

270 3349 387 3408 quoque
405 3347 610 3407 percussorem
632 3330 793 3400 submittat,
815 3330 896 3403 nitati
916 3331 990 3389 denis
1011 3338 1134 3391 auertat.
1173 3334 1354 3393 Piscatorem
1376 3335 1622 3408 impressori-§.s

269 3434 325 3494 bus
346 3434 480 3501 tradidi:
513 3449 579 3492 cum
601 3434 762 3506 impressus
780 3429 892 3502 suerit,
925 3433 969 3491 ad
990 3450 1038 3493 uos
1064 3435 1124 3494 ibit.
1169 3437 1294 3509 ridebis,
1326 3439 1355 3495 in
1381 3436 1568 3511 praefatione

270 3534 427 3610 Sopbistas
444 3511 538 3592 baiid'
545 3535 663 3609 penitus
681 3549 745 3591 csse
765 3535 919 3606 neplectos.
965 3534 1161 3610 Capnionem‚
1182 3554 1239 3611 atio
1259 3541 1357 3598 anieno
1379 3542 1408 3597 in
1431 3554 1497 3598 eum
1516 3540 1565 3609 sis,
1576 3558 1596 3609 ς.
1604 3557 1624 3598 o.

268 3640 426 3697 certiorem
449 3637 587 3696 reddam.
619 3634 787 3710 prudenter
809 3637 888 3707 apis,
910 3636 991 3709 quod
1012 3638 1056 3694 nd
1076 3654 1141 3696 eum
1163 3655 1221 3696 mm
1235 3641 1352 3711 scribis,
1377 3658 1414 3699 ne
1430 3658 1496 3699 eum
1516 3643 1567 3698 iu-

231 3745 423 3799 noscentem
444 3755 482 3797 ac
503 3740 604 3798 notens
624 3738 654 3796 in
672 3738 842 3811 periculum
867 3738 989 3796 trabas:
1017 3742 1093 3797 nosti
1117 3741 1195 3798 caim
1219 3749 1415 3814 tprimnorum
1442 3744 1565 3800 animos.

269 3839 347 3900 Ho'c
363 3840 455 3913 suere
476 3856 545 3913 quw
563 3838 721 3897 scribenda
741 3844 847 3904 crant,·
876 3841 904 3896 si
920 3840 995 3916 quid
1015 3842 1115 3912 aliud,
1142 3843 1297 3916 principue
1319 3844 1350 3900 in
1371 3859 1466 3901 causo
1486 3860 1634 3916 pen-§.uo

268 3945 365 4002 titium
388 3948 505 4001 tuorum
526 3942 690 4009 emerserit,
721 3940 939 4014 quamprimum
962 3948 990 3999 te
1016 3945 1169 4001 certiorem
1198 3944 1343 4002 reddam:
1375 3947 1462 4018 cupio
1488 3947 1565 4003 enim

268 4045 336 4114 tibi,
359 4043 525 4116 ubicunque
543 4048 661 4115 potero,
690 4057 751 4099 rem
770 4048 891 4113 pratum
911 4041 1029 4113 facere.
1076 4045 1148 4104 I'ate
1166 4044 1258 4117 setin.
1294 4046 1346 4103 En
1370 4045 1566 4118 b'urcabcrpo

270 4141 841 4215 aaut.Juntt,auqu.o.Xt'11.
1096 4172 1099 4176 v
1234 4146 1313 4205 Tuus

228 4252 260 4296 ³⁶
804 4235 812 4257 ’
1067 4245 1239 4308 Bitibaldus
1263 4248 1496 4308 Birclscirnerns.

340 4431 461 4490 [imai.
545 4427 563 4461 ¹¹
582 4424 699 4494 quoquo]
720 4427 805 4477 otiam
822 4431 883 4478 Μ.
967 4426 987 4460 ¹⁵
1004 4428 1135 4494 Ericho]?
1153 4432 1256 4481 Emicbo
1325 4432 1461 4482 IInrteub.
1483 4447 1567 4496 prope

266 4517 390 4580 oppiana
409 4516 555 4567 Dbrbbetn.
624 4511 645 4546 ¹⁸
662 4512 835 4562 Francischo
853 4516 877 4563 t.
943 4511 963 4545 ¹⁹
983 4515 1142 4580 cognatum]
1163 4533 1302 4579 gesnerum.
1336 4519 1468 4582 Cfimipra
1481 4517 1565 4582 pot.

266 4599 292 4633 ¹⁸
310 4597 493 4666 Piscatorem]
507 4599 616 4650 Lucicmi
627 4599 752 4661 diatopnm
766 4598 858 4647 Latine
868 4600 971 4661 sactum.
1017 4596 1073 4630 ²2²⁸
1094 4601 1133 4661 (Υ.
1146 4603 1378 4665 ἰηίναηᾸᾸΙΙΠ.
1415 4601 1468 4633 Μ’
1481 4617 1567 4653 causa

268 4691 345 4752 geni.
359 4682 440 4752 tuom]
463 4687 497 4736 de
511 4683 610 4734 Ioanne
624 4684 737 4733 Hutteno
755 4679 772 4732 ὰ
789 4683 852 4731 dunc
867 4683 999 4732 II'irtenib.
1018 4687 1154 4734 trucidato.

1042 4805 1049 4818 c

730 4832 1089 4850 .—*—-—
