3917 5950
370 651 444 727 270
537 665 657 721 cmv.
677 679 780 731 nereus
794 681 857 721 nor.
869 680 907 721 to
919 681 1005 722 ruore.
1019 681 1191 724 eoauusevrr
1203 682 1245 723 rr.
1262 685 1288 723 o.
1303 677 1337 724 tt.
1350 682 1411 723 urs.
1426 669 1492 722 teth

370 846 397 900 in
431 843 560 901 conviviis
593 842 778 905 odiosissime,
802 843 867 899 'imo
900 842 1031 900 seditiose
1065 844 1170 918 quidvis
1199 846 1383 903 vociferentur
1411 845 1484 921 apud
1513 845 1663 919 imperitam

369 930 585 990 multitudinem,
609 936 636 983 et
659 928 763 983 lacinus
785 945 840 983 neu
863 928 1003 984 serendum
1026 929 1207 994 arbitrantur,
1231 932 1317 1006 siquis
1340 933 1438 987 borum
1461 931 1536 987 amit
1558 930 1663 991 mutire,

369 1032 430 1070 cum
452 1022 479 1069 et
502 1013 615 1087 apiculis
638 1013 673 1068 sit
695 1012 804 1068 ceruleus
828 1031 883 1087 quo
905 1012 977 1068 lacere
1001 1014 1112 1075 feriant,
1141 1023 1169 1070 et
1187 1003 1320 1073 musculis
1342 1017 1473 1073 denticuli
1501 1014 1602 1088 quibus
1625 1015 1664 1069 oi·

370 1100 438 1154 lensi
468 1115 528 1154 sese
557 1106 692 1153 tueantur.
737 1097 810 1152 Unde
834 1115 931 1153 novum
960 1098 1012 1154 hoc
1040 1099 1153 1155 deorum
1176 1102 1281 1173 genus?
1313 1100 1354 1155 llli
1378 1119 1448 1174 quos
1472 1099 1592 1155 lubitum
1614 1108 1663 1157 est.

370 1183 512 1238 tiereticos
542 1182 656 1242 iaciunt,
686 1190 713 1236 et
741 1181 839 1237 cmlum
867 1190 948 1238 terrm
976 1182 1104 1246 miscent,
1138 1185 1224 1259 siquis
1251 1203 1300 1241 eos
1328 1185 1448 1259 appellet
1481 1184 1684 1258 sycophantass

371 1309 565 1323 .........
610 1267 686 1333 Quod
710 1266 795 1339 siquis
818 1267 964 1340 expendat,
994 1267 1092 1340 quibus
1115 1269 1185 1324 vitiis
1209 1271 1360 1326 maduerint
1383 1270 1428 1343 qui
1458 1270 1567 1343 pridem
1594 1269 1663 1341 apud

368 1352 450 1410 ltalos
473 1360 501 1407 et
523 1351 615 1407 Gallos
643 1350 847 1432 renascentibus
876 1351 973 1425 priscis
1002 1351 1099 1408 studiis
1127 1354 1254 1427 opitulati
1283 1363 1360 1418 sunt,
1390 1371 1445 1410 uou
1474 1354 1583 1428 poterit
1610 1369 1664 1408 uon

370 1439 459 1493 lavere
482 1437 524 1491 bis
546 1436 664 1497 uostris,
694 1452 810 1509 quorum
833 1452 923 1491 mores
946 1435 1077 1492 eiusmodi
1100 1447 1178 1501 suut,
1204 1447 1234 1494 ut
1258 1438 1394 1511 theologis
1417 1439 1479 1493 istis
1501 1437 1664 1494 censoribus

371 1521 491 1577 imitandi
515 1521 569 1575 siut
591 1520 677 1592 magis
706 1537 785 1597 quam
808 1520 1032 1593 reprehendendi.
1077 1521 1117 1577 uh
1140 1523 1182 1578 bis
1205 1524 1332 1598 quicquid
1354 1523 1460 1597 prodit,
1490 1539 1582 1577 mcum
1605 1521 1664 1576 esse

370 1607 557 1679 suspicantur.
587 1605 668 1659 etiam
690 1603 760 1677 apud
783 1612 844 1667 vos,
873 1604 895 1657 si
918 1605 998 1660 modu
1020 1623 1083 1662 vera
1105 1608 1252 1680 praedicant
1274 1607 1466 1681 negociatores
1488 1605 1544 1662 huc
1567 1605 1665 1660 isthinc
1674 1615 1696 1657 tt

369 1691 582 1764 proficiscentes.
619 1689 744 1762 equidem
760 1688 877 1761 ingenue
894 1688 1015 1751 fatebor,
1039 1690 1177 1763 ingenium
1200 1709 1254 1748 uon
1278 1709 1391 1766 possum
1413 1707 1471 1746 nou
1493 1707 1601 1751 amare,
1623 1707 1666 1745 ea·

371 1775 432 1831 lami
455 1774 591 1830 licentiam
614 1774 641 1828 in
665 1773 770 1829 neruine
792 1790 848 1828 riou
871 1773 1004 1847 improbo.
1024 1775 1147 1830 .Prideru
1163 1776 1228 1832 lusit
1243 1776 1378 1851 Huttenus
1394 1775 1508 1837 librum,
1521 1774 1578 1846 ¹cui
1601 1774 1665 1828 titu-

370 1860 413 1914 lus
435 1859 533 1914 Nemo:
571 1874 650 1913 nemo
680 1858 766 1919 nescit
793 1865 984 1930 argumentum
1014 1875 1074 1914 esse
1102 1860 1259 1917 ridiculum:
1297 1878 1385 1918 meum
1414 1877 1475 1915 esse
1503 1857 1665 1915 dictitabant

370 1943 493 2016 theologi
515 1942 710 2004 lovanienses,
737 1942 783 2016 qui
807 1942 858 1997 sibi
880 1942 1006 1997 vidcutur
1028 1942 1090 2016 plus
1113 1961 1192 2018 quarn
1207 1945 1316 2020 Lyncei.
1352 1961 1413 2001 mox
1434 1944 1541 2017 prodiit
1556 1942 1664 1998 Febris:

370 2046 427 2084 mea
451 2035 522 2090 erat,
546 2046 607 2083 curu
634 2036 721 2083 tamen
745 2034 820 2081 totus
843 2027 954 2099 genius,
979 2035 1091 2100 totaque
1114 2029 1221 2102 phrasis
1243 2047 1259 2086 a
1281 2048 1339 2086 mea
1361 2027 1537 2086 dissentiat·
1562 2027 1663 2101 prodiit
1674 2041 1694 2081 te

370 2113 458 2169 oratio
474 2113 548 2169 Petri
562 2111 716 2172 llosellani.
741 2128 793 2183 qua
815 2111 1004 2185 patrocinatur
1026 2111 1113 2168 tribus
1133 2112 1235 2187 linguis
1251 2114 1379 2170 adversus
1394 2099 1664 2188 γλωττομᾶσηγαςε

370 2199 397 2253 iu
420 2215 462 2253 me
485 2206 615 2272 putarunt
636 2196 785 2252 cudendum
808 2195 910 2258 labam,
934 2214 996 2252 cuur
1019 2213 1071 2268 ego
1094 2198 1213 2254 noudum
1237 2200 1333 2255 scirem
1357 2197 1511 2254 orationem
1536 2213 1597 2253 esse
1620 2212 1671 2250 ua··

369 2293 438 2338 tam:
475 2283 637 2356 quasivero
661 2281 749 2354 siquid
772 2279 834 2336 huic
856 2288 903 2336 aut
925 2280 964 2335 illi
988 2281 1016 2336 iu
1038 2290 1155 2338 mentem
1178 2284 1250 2339 verrit
1280 2282 1413 2344 scribere,
1442 2282 1509 2337 mihi
1538 2281 1664 2355 protinus

369 2369 406 2424 sit
434 2368 553 2423 omnium
582 2366 691 2421 nomine
718 2365 853 2420 reddenda
880 2365 966 2426 ratio.
996 2373 1043 2421 aut
1071 2367 1147 2439 quasi
1175 2386 1272 2442 parurn
1300 2369 1336 2423 sit
1360 2383 1421 2422 meo
1444 2365 1570 2440 periculo
1595 2364 1661 2419 tueri

370 2453 442 2526 quod
471 2453 529 2526 ipse
555 2450 654 2506 scribo.
698 2449 824 2505 Germani
846 2458 924 2512 sunt,
954 2451 1064 2506 iuvenes
1087 2460 1167 2515 sunt;
1199 2452 1330 2509 calamum
1352 2451 1468 2513 habeut,
1497 2467 1550 2506 nec
1571 2456 1692 2505 carente

370 2536 493 2609 iugenio,
516 2552 566 2591 uec
587 2536 686 2591 desunt
709 2534 755 2608 qui
779 2533 887 2589 irritent
910 2534 1075 2596 suis·odiis,
1099 2551 1149 2592 uec
1171 2536 1271 2592 desunt
1294 2537 1340 2611 qui
1362 2536 1477 2592 incitent
1492 2552 1524 2590 ae
1540 2534 1661 2606 frigidam

370 2620 533 2677 suliuudaut.
578 2620 676 2674 limncs
698 2620 749 2674 hos
772 2619 839 2674 meis
862 2618 949 2673 literis
971 2619 1112 2680 admonui,
1142 2628 1171 2675 ut
1194 2620 1347 2677 libertatem
1370 2619 1541 2676 immodicam
1565 2627 1662 2690 tempe·

369 2713 445 2767 rent,
475 2713 548 2760 certe
572 2722 587 2760 a
609 2703 786 2759 summatibus
815 2703 935 2759 ecclesiae
962 2704 1028 2758 viris
1050 2703 1217 2768 abstineant,
1248 2723 1282 2761 ne
1306 2704 1414 2761 illorum
1436 2705 1546 2759 animos
1567 2719 1661 2776 provo-
1687 2757 1692 2766 ,

369 2798 432 2846 ocul
455 2791 482 2844 iu
505 2789 611 2850 literas,
636 2805 752 2861 quorum
774 2788 928 2862 patrocinio
950 2795 1024 2844 stant
1046 2789 1175 2844 adversus
1197 2790 1293 2846 hostes
1315 2807 1395 2851 suos,
1418 2805 1486 2844 neve
1502 2789 1554 2844 hac
1569 2787 1661 2842 invidia

370 2882 486 2930 onerent
513 2873 650 2948 politioris
679 2872 828 2928 literaturae
856 2872 982 2928 viruliecs.
1027 2872 1095 2939 huid
1124 2872 1236 2930 faciem?
1269 2892 1379 2931 monere
1407 2889 1538 2949 possum,
1567 2884 1691 2943 cogerem

369 2978 424 3016 rrou
447 2977 575 3034 possuru;
608 2976 668 3014 ureo
692 2956 756 3014 stilo
780 2965 931 3031 temperare
953 2957 1019 3013 mihi
1042 2957 1069 3013 in
1091 2975 1173 3015 mauu
1201 2967 1258 3022 est,
1288 2960 1407 3017 alienum
1433 2957 1570 3015 calamum
1598 2974 1663 3030 prse-

369 3053 443 3100 stare
471 3061 526 3099 uon
557 3053 599 3100 est
621 3060 709 3100 meum
733 3083 1036 3097 ...........
1060 3043 1187 3116 quicquid
1209 3045 1302 3119 prodit
1324 3061 1437 3104 novum,
1467 3042 1550 3099 velim
1573 3041 1662 3101 uelim.

369 3148 458 3186 meum
481 3138 530 3185 est.
568 3128 669 3203 prodiit
692 3135 754 3183 aute
776 3144 883 3183 mensos
905 3126 1011 3199 aliquot
1033 3135 1060 3183 cl
1082 3128 1199 3200 prodiit,
1222 3128 1300 3185 malis
1322 3128 1415 3185 avilius
1430 3125 1543 3183 libellus
1559 3125 1663 3201 quidam

369 3214 513 3277 ridiculus,
543 3231 624 3288 quem
652 3214 679 3268 iu
708 3212 851 3267 schismate
880 3211 1004 3284 proximo
1031 3212 1161 3286 seriptum
1185 3230 1245 3270 esse
1268 3214 1334 3270 satis
1357 3214 1449 3286 arguit
1472 3212 1563 3286 ipsum
1586 3227 1663 3281 argu·

369 3309 504 3363 mentum;
537 3299 584 3354 sed
607 3316 622 3354 a
645 3315 715 3371 quo,
740 3297 872 3352 incertum
895 3304 951 3355 est,
974 3295 1026 3350 nisi
1050 3297 1123 3369 quod
1146 3296 1216 3353 liber
1238 3298 1338 3355 iudicat
1359 3315 1435 3359 eum,
1459 3296 1587 3369 quisquis
1604 3294 1693 3354 luibae

370 3385 467 3440 lavisse
491 3383 588 3438 Gallis:
622 3381 742 3455 suspicio
765 3398 814 3454 per
837 3379 938 3437 multos
961 3379 1131 3443 obambulat,
1155 3382 1306 3455 praesertim
1329 3383 1400 3460 appi
1415 3382 1581 3441 Germanos,
1604 3396 1662 3435 nam

335 3518 338 3524 .
370 3469 440 3541 apud
469 3468 519 3522 hos
547 3466 627 3522 variis
656 3466 743 3521 titulis
773 3464 888 3520 babetur
917 3465 1080 3539 descriptus.
1124 3464 1197 3522 bunc
1224 3467 1310 3540 igitur
1337 3483 1398 3524 cum
1423 3473 1487 3522 aute
1508 3463 1664 3538 complures

369 3569 455 3608 arruos
483 3551 527 3607 hic
553 3552 747 3626 comperissem
777 3550 870 3606 haberi
900 3548 1008 3610 furtim,
1037 3567 1068 3607 ac
1089 3549 1211 3607 libellum
1232 3552 1421 3625 degustassem
1444 3548 1517 3622 (narn
1540 3546 1663 3624 percurri

369 3636 458 3691 verius
481 3653 560 3709 quam
583 3635 713 3709 perlegi),
743 3634 821 3690 multi
845 3640 929 3689 testes
952 3641 1030 3696 sunl,
1060 3642 1230 3710 quantopere
1253 3637 1304 3693 sim
1324 3644 1481 3696 execratus,
1505 3642 1664 3707 quantoque

369 3721 460 3776 studio
483 3720 601 3792 egerim,
629 3728 660 3774 ut
680 3721 790 3776 aetcruis
814 3718 934 3775 tenebris
956 3718 1118 3793 abderctur:
1153 3721 1178 3776 id
1202 3721 1275 3794 quod
1297 3721 1325 3776 in
1347 3722 1407 3777 aliis
1430 3736 1543 3794 quoque
1566 3717 1697 3774 libellists

324 3803 330 3814 '
368 3823 383 3860 a
406 3804 572 3861 incinctum
593 3804 672 3860 multi
695 3804 870 3868 latelruutur;
903 3810 1021 3859 testatur
1049 3813 1077 3860 ct
1105 3803 1222 3878 epistola
1251 3806 1372 3879 quaedam
1399 3822 1459 3862 mea
1481 3804 1515 3859 ad
1538 3803 1664 3860 loannem

369 3890 529 3954 Caesarium,
553 3906 632 3963 quam
656 3890 763 3964 quidam
785 3888 904 3946 Golouiae
926 3888 1021 3944 furtim
1042 3889 1207 3964 descriptam
1229 3889 1404 3964 evulgarunt,
1427 3898 1455 3945 et
1478 3888 1561 3945 audio
1584 3905 1664 3963 quos·

437 4056 458 4089 ¹³
476 4054 572 4121 Nemo]
591 4055 760 4105 Huttenieus
772 4056 858 4106 Nemo
876 4053 1005 4105 secundm
1024 4053 1155 4105 editionis
1174 4057 1240 4106 ente
1258 4055 1284 4105 d.
1298 4054 1339 4112 24.
1353 4054 1421 4120 Aug.
1437 4052 1512 4104 1518.
1531 4069 1589 4104 non
1607 4068 1665 4119 pro·

368 4142 434 4193 diit:
455 4143 514 4192 eius
533 4142 606 4191 enim
624 4139 680 4190 diei
699 4144 742 4189 eet
755 4140 875 4206 epistole
893 4137 929 4188 od
948 4137 1048 4188 lulium
1059 4139 1139 4204 Pflug
1157 4138 1238 4202 datu,
1264 4155 1323 4205 ques
1343 4138 1476 4204 exemplis
1494 4139 1562 4189 novi
1574 4138 1664 4188 Nemi·

361 4230 413 4277 'nis
427 4228 522 4277 addite
535 4231 563 4276 et
576 4241 658 4291 supro
676 4243 702 4291 p.
718 4224 838 4291 tehsqq.
858 4224 979 4289 repetite
998 4229 1049 4273 est.
1102 4220 1123 4255 ¹⁴
1140 4220 1249 4289 Febris]
1268 4222 1404 4289 Dialogus
1422 4224 1596 4272 Huttenieus
1614 4223 1665 4287 pri·

368 4328 453 4375 mum,
479 4312 551 4377 quod
573 4311 707 4374 sciemus,
731 4325 825 4360 menso
843 4308 996 4359 Februario
1019 4308 1086 4357 enni
1106 4306 1180 4359 1519.
1250 4308 1272 4340 ¹⁸
1294 4308 1372 4359 Petri
1389 4304 1471 4373 Mos]
1491 4322 1597 4356 enarro
1613 4305 1618 4370 Ι
1632 4321 1665 4354 or

367 4412 514 4448 vucranvrr
532 4394 709 4463 sisuvaluvrr
727 4408 899 4446 cocurrrouc
912 4389 1051 4457 cairande,
1071 4392 1155 4442 Petro
1167 4387 1341 4455 Mosella-luo
1353 4388 1523 4457 Protegenl'e
1539 4388 1663 4457 cultore,

367 4480 470 4547 Liplire
494 4484 523 4530 in
547 4484 656 4547 moigne
680 4480 847 4530 cruditorum
862 4474 868 4543 l
884 4492 984 4527 corona
1009 4472 1223 4543 pro-{nunciam
1240 4472 1245 4541 Ι
1264 4477 1374 4542 prodiit,
1397 4482 1424 4524 ut
1448 4477 1474 4525 in
1495 4478 1548 4539 fine
1568 4478 1663 4539 legitur,

370 4581 496 4614 usercssr
515 4581 587 4617 urvo
611 4580 738 4616 rouuunrr
753 4563 758 4629 Ι
774 4577 936 4613 suoarurvrr
959 4575 1051 4610 meuse
1067 4556 1072 4626 Ι
1087 4574 1157 4610 rraro
1181 4574 1270 4623 aune,
1290 4558 1410 4614 nsum?
1425 4558 1429 4623 Ι
1444 4563 1471 4609 iu
1482 4559 1519 4608 4⁰.
1539 4557 1665 4624 Epistola

370 4648 545 4697 dedicatoria
564 4642 600 4699 ed
619 4651 767 4715 Georgium
786 4647 923 4696 Saxonum
941 4646 1039 4695 ducem
1058 4645 1164 4710 scripto
1190 4651 1233 4695 est
1250 4640 1375 4709 „Lipsiae
1393 4647 1460 4706 tuae,
1488 4643 1595 4694 calceis
1612 4643 1662 4691 Au·

370 4730 451 4796 gusti.
471 4733 520 4781 hu.
540 4734 727 4785 mmxvnl.
748 4733 822 4782 Certe
841 4733 926 4796 iterque
944 4736 1003 4779 unte
1021 4730 1086 4779 branc
1103 4745 1210 4780 alensem
1227 4731 1367 4792 exemplum
1383 4727 1457 4778 buius
1474 4730 1615 4782 orationis,
1633 4727 1662 4773 dc

369 4833 419 4879 pun
436 4816 568 4865 Erusmmn
585 4820 654 4882 loqui
669 4824 774 4882 opinor,
793 4831 863 4865 neure
882 4814 990 4888 Erasmo
1007 4813 1135 4863 tribuerit.
1206 4808 1314 4878 planto]
1332 4810 1491 4878 linguarum
1509 4811 1661 4877 flagellato·

369 4915 421 4948 res.
491 4898 513 4930 ²⁶
535 4900 650 4963 stylofl.
670 4908 695 4949 et
717 4906 754 4950 ric
771 4902 927 4965 rubique-per
943 4914 970 4962 y.
1040 4896 1093 4932 Μ’
1116 4896 1227 4948 libellus
1250 4913 1275 4962 q.
1294 4893 1384 4961 ridie]
1408 4898 1505 4948 Iulius.
1526 4898 1564 4948 ci.
1583 4908 1659 4961 supra

369 4998 395 5032 u.
410 4999 517 5034 cxxvu.
570 4982 592 5015 ³²
609 4983 690 5052 bunc]
710 4986 765 5035 Hic
782 4989 873 5036 ombso
890 5000 930 5052 eq.
943 4983 990 5033 hic
1004 4985 1028 5034 l.
1082 4981 1106 5015 ⁸⁷
1124 4983 1283 5035 Caeeoreum
1297 4986 1321 5033 1.
1329 4984 1356 5032 2.
1364 4983 1390 5033 4.
