3917 5950
354 603 438 674 140
500 617 590 667 LIIII.
611 606 733 666 rivirum
747 630 783 665 an
796 630 877 666 cano.
892 630 1059 665 uenerantur
1073 631 1125 664 eno
1138 629 1278 666 cremone
1292 629 1488 665 rnrencussro.

503 786 650 863 Contingit
672 787 809 863 proprios
831 791 988 863 patronum
1011 803 1096 845 orare
1119 784 1246 855 dientes,

574 887 618 947 dh
641 905 709 964 age,
734 906 798 965 quae
821 894 870 946 tua
893 893 961 946 suut
983 888 1095 964 aspice,
1118 904 1223 964 magne
1247 893 1338 964 pater.

504 989 726 1084 Causaograris
750 988 846 1048 scelus
868 995 913 1047 est
933 989 1037 1065 ingens
1058 990 1219 1066 ingensque
1241 987 1401 1066 periclum;

448 1112 474 1152 oo
574 1089 616 1149 Ne
639 1096 794 1149 contemne
817 1090 899 1149 datas
922 1107 976 1167 pro
999 1088 1147 1167 Capnione
1169 1109 1288 1168 preces:

503 1191 559 1261 Qui
573 1190 663 1268 'siqua
686 1191 827 1252 occiderit
850 1184 939 1269 (qnod
960 1191 1134 1269 abominor),
1157 1193 1263 1252 occidit
1284 1209 1341 1251 una

574 1293 743 1352 Teutonicae
766 1295 860 1369 gentis
882 1292 931 1353 lux
955 1295 1114 1371 patriaeque
1137 1292 1235 1353 decus.

504 1394 659 1471 interpone
681 1412 818 1462 manum,
842 1412 925 1453 serra
948 1393 1103 1472 lucemque
1126 1395 1274 1472 decusque

435 1519 459 1557 m
572 1495 672 1555 rnre
695 1497 757 1556 eins
778 1514 843 1574 qnae
866 1503 894 1554 te
916 1497 1024 1573 gaudet
1045 1496 1156 1556 habere
1178 1503 1300 1573 patrem.

503 1598 577 1667 Quid
602 1597 679 1675 quod
702 1597 895 1675 Hogostratus
918 1605 1021 1658 eontra
1043 1600 1167 1675 patriam
1188 1599 1419 1675 imperiumque.

575 1699 653 1758 Proh
675 1700 803 1766 iaeinus,
827 1697 902 1758 Gadi
924 1699 1034 1776 flagitat
1056 1700 1149 1759 hostis
1170 1700 1278 1776 opem?

504 1799 626 1878 Flagitat
648 1801 740 1858 hostis
762 1818 863 1877 opem,
887 1818 941 1858 uos
963 1808 1065 1860 contra
1088 1819 1207 1861 oramus
1229 1801 1330 1868 amiei;

434 1923 459 1962 os
572 1902 740 1979 dispeream
763 1902 786 1959 si
810 1901 879 1979 quid
903 1902 1005 1961 iustius
1028 1919 1092 1962 esse
1114 1908 1225 1980 potest:
1304 1910 1309 1918 '

504 2003 563 2063 Nus
585 2009 702 2063 serrare
725 2002 815 2062 decus
837 2004 938 2080 patriae
960 2022 1117 2072 conamur,
1140 2004 1187 2063 hie
1209 2003 1296 2063 audet

575 2103 607 2163 ln
629 2105 730 2181 patriae
752 2091 850 2164 eiades
872 2104 983 2165 hostien
1005 2104 1096 2183 regna
1119 2106 1211 2182 sequi.

503 2205 587 2275 Quod
612 2207 682 2282 petit
703 2206 842 2266 iniustum
865 2213 924 2273 est;
948 2206 1018 2285 quid
1041 2207 1064 2265 si
1087 2224 1205 2284 qnoque
1227 2207 1302 2266 iusta
1325 2203 1464 2283 petisset?

436 2329 460 2368 n
574 2306 679 2367 Debuit
701 2306 778 2375 nac,
801 2306 856 2367 sed
876 2307 1058 2383 uon-,debuit
1081 2308 1109 2366 in
1131 2307 1265 2385 patriam.

504 2409 625 2476 iiosere,
649 2409 673 2466 si
695 2409 851 2486 ‹qmcquam
874 2410 981 2469 meruit
1003 2407 1093 2478 maie,
1116 2409 1220 2470 desere
1242 2426 1296 2486 pro
1319 2425 1377 2485 quo

574 2509 659 2570 Nune
681 2529 752 2587 ego,
776 2511 924 2570 contendit
946 2529 1019 2587 gens
1041 2509 1199 2571 diamanna
1222 2510 1318 2588 prius,

504 2612 540 2671 Et
562 2629 616 2689 pro
639 2629 697 2689 quo
720 2613 919 2673 orarittoties
941 2623 970 2672 te
994 2612 1091 2671 Caesar
1113 2612 1222 2681 amium

435 2734 460 2774 re
573 2713 662 2772 Sume
685 2731 779 2781 meaS,
803 2714 905 2790 patriae
927 2713 1133 2792 Caesaremque
1153 2731 1266 2791 preces.

504 2816 610 2876 Contra
634 2816 697 2874 iura
721 2822 817 2874 metus
839 2814 910 2874 nihil
933 2822 991 2883 est,
1015 2816 1120 2876 iniusta
1142 2816 1278 2874 timemus

439 2901 446 2914 ’
529 2954 532 2961 ·
574 2916 696 2995 Vimque
719 2916 794 2977 hanc
817 2923 932 2995 etque
954 2934 1008 2977 nos
1031 2918 1156 2977 contrait
1177 2918 1218 2977 ira
1241 2923 1354 2994 potens.

504 3021 604 3080 iliscet
626 3020 820 3096 lingostratus
843 3019 886 3078 ias
909 3037 995 3078 omne
1018 3020 1159 3097 nefasque
1181 3012 1234 3096 per
1255 3024 1364 3085 artem,

435 3144 460 3185 so
572 3121 705 3197 Remqne
727 3120 800 3180 adeo
823 3121 898 3197 gerit
920 3120 997 3179 liano
1018 3119 1172 3198 largitione
1194 3115 1303 3198 palam:

503 3224 545 3284 Ne
569 3230 656 3301 queat
678 3223 808 3296 insqntes
829 3221 945 3281 inimica
968 3223 1097 3298 potentia
1119 3240 1218 3281 mores

574 3324 709 3384 (inruere
732 3331 760 3382 et
781 3342 873 3383 vacrin
895 3322 1007 3383 fraudis
1029 3323 1133 3383 obesse
1155 3324 1232 3391 viro,

503 3425 559 3485 l'er
580 3433 609 3485 te
631 3427 701 3485 istas
723 3425 843 3484 oramus
864 3442 951 3501 opes,
975 3441 1028 3501 per
1051 3424 1195 3484 Caesarem
1217 3425 1342 3484 amioum
1366 3492 1371 3499 ⁵

434 3546 460 3585 si
561 3520 607 3585 ‘m
629 3546 682 3605 per
704 3529 829 3586 [ommim
850 3525 1002 3603 splendida
1025 3526 1100 3585 dona
1123 3534 1196 3594 tue,

503 3628 559 3688 Per
582 3628 672 3688 eleros
694 3636 723 3687 et
744 3635 851 3688 sanetae
874 3628 1031 3704 rerigentia
1053 3616 1159 3686 mmnia
1182 3627 1292 3695 donne,

574 3728 630 3789 Per
653 3730 676 3787 si
700 3730 769 3807 quid
792 3729 884 3788 Roma
906 3729 1035 3789 sanetius
1058 3747 1122 3789 esse
1145 3735 1251 3806 potest,

503 3831 618 3908 Perque
641 3838 720 3891 tuam
744 3849 830 3908 qnam
853 3849 911 3890 non
935 3831 1027 3890 nescit
1049 3830 1205 3889 Germania
1227 3829 1353 3897 laudem,

448 3953 473 3991 se
573 3932 629 3991 Per
652 3931 731 4010 quod
753 3938 782 3991 te
804 3939 917 3991 tantum
940 3929 1062 4008 protulit
1083 3932 1242 4014 ingenium,

412 4105 421 4118 ο
503 4032 628 4092 lnsontis
650 4034 790 4093 miserere
813 4033 915 4099 animi.
939 4033 1080 4092 miserere
1102 4039 1230 4101 tuorum,
1306 4061 1309 4066 ·

575 4134 617 4194 'Ne
639 4136 736 4194 minus
759 4134 827 4210 irinc
850 4135 1005 4212 quisquam
1027 4134 1155 4212 gamleat
1176 4153 1241 4195 esse
1262 4141 1339 4194 tuus.
1385 4141 1388 4147 “

504 4237 594 4298 Unius
615 4255 735 4296 oramus
757 4237 843 4295 vitam
866 4236 1012 4312 uniusque
1034 4234 1168 4305 salntem,

448 4362 473 4401 to
573 4339 630 4398 Sed
655 4339 701 4396 eui
725 4336 883 4398 innitoium
907 4336 996 4395 mixta
1019 4335 1127 4413 pericia
1150 4337 1245 4396 rides:

503 4440 559 4499 dut
581 4439 681 4500 nndtis
703 4441 758 4498 erit
781 4445 883 4515 erepto
906 4436 1055 4514 Capnione
1076 4436 1253 4516 triumphus,

576 4543 633 4600 Aut
654 4541 730 4601 vieto
753 4541 781 4600 in
804 4538 912 4600 multos
933 4539 1052 4616 ingruet
1074 4538 1121 4599 ilie
1143 4538 1237 4599 dolor.

504 4625 641 4719 Quisquis
663 4641 700 4701 ab
722 4642 839 4719 ingenio
862 4641 1004 4700 uicturam
1028 4660 1162 4720 quaerere
1183 4642 1291 4701 famam

449 4762 474 4801 oe
572 4741 629 4801 Aut
651 4741 759 4820 aliquid
782 4742 892 4803 studuit
914 4741 1008 4802 laudis
1030 4743 1067 4803 ab
1089 4751 1153 4803 arte
1175 4742 1261 4810 bona,

1436 2057 1447 2105 ·⁰
1459 2095 1483 2135 τ

421 4909 650 4991 “Hogonrittus
656 4930 709 4976 1.2.
716 4935 742 4976 et
750 4931 788 4978 sic
797 4946 820 4978 v.
826 4926 868 4977 79.
875 4930 973 4978 item
1027 4926 1140 4993 “daim
1153 4929 1302 4979 Freneisci
1312 4930 1334 4979 1.
1353 4930 1393 4992 Gs.
1401 4928 1471 4994 Epp.
1480 4928 1509 4978 0.
1522 4931 1596 4980 1411.
1606 4885 1643 4977 112.
