3917 5950
584 649 720 704 cxxvn.
740 665 863 704 nuruum
876 668 912 703 ao
925 666 1057 704 nussim
1071 668 1133 705 nor.
1147 668 1191 703 rr.
1210 665 1237 703 o.
1250 662 1273 704 5.
1287 666 1344 704 run.
1359 660 1420 705 tait.
1570 638 1643 714 275

350 838 411 882 ιιοιι
435 821 527 885 debes
548 830 654 903 putare
677 831 704 883 te
726 822 783 884 boe
806 823 966 900 perdidisse
997 830 1111 900 tempus
1137 822 1214 901 quod
1237 822 1401 884 sorilmudee.
1423 822 1571 903 alpelogiae
1594 828 1644 888 de·

349 924 433 983 disti:
467 942 535 984 nam
558 924 588 983 id
609 923 696 983 nabis
722 925 821 1000 anagni
848 924 923 984 lueri
951 925 1014 983 riee
1045 922 1107 984 lull.
1153 925 1238 995 Quod
1260 925 1365 985 scribis
1387 926 1423 985 de
1446 926 1699 995 Fertlinanrlo.t.r.

348 1025 422 1083 mire
445 1024 557 1103 placet,
581 1025 676 1085 studia
698 1033 799 1085 nostra
821 1043 921 1084 aurare
943 1023 1167 1084 adolescentem.
1206 1028 1324 1085 erexisti
1344 1028 1474 1086 mrimmn
1489 1029 1561 1087 milri
1576 1048 1641 1107 spe-

271 1121 277 1143 ‘
347 1126 424 1185 ranti
448 1126 513 1187 lore
535 1132 568 1186 ut
590 1124 671 1186 orbis
694 1128 788 1203 capita
810 1126 950 1186 advorsus
973 1125 1140 1185 barbariem
1156 1126 1310 1186 nobiseum
1327 1128 1505 1205 eorreptireut.
1538 1128 1697 1189 albu-ss.

326 1234 393 1285 atus
415 1226 572 1287 cardinalis
600 1234 720 1286 strenue
747 1233 937 1293 ominetur,
967 1245 1074 1304 meque
1105 1227 1200 1286 adbuc.
1229 1227 1317 1287 babet
1344 1227 1519 1295 liberaliter,
1550 1237 1578 1289 et
1601 1234 1642 1290 tui

346 1326 492 1386 desiderio
515 1334 632 1387 tenetur
654 1328 790 1386 maximo.
836 1327 937 1405 lnique
961 1326 1032 1386 laris
1061 1329 1110 1405 qm
1139 1334 1166 1386 te
1194 1346 1253 1387 non
1285 1328 1373 1387 oilers
1403 1328 1456 1397 illi,
1487 1348 1546 1389 uon
1576 1349 1640 1391 ere-
1730 1347 1733 1351 ·

345 1427 419 1487 dens
446 1429 518 1488 milri
548 1430 634 1488 toties
668 1426 804 1488 clamanti
836 1445 1015 1505 propensam
1045 1427 1121 1487 illius
1149 1444 1218 1503 erga
1249 1434 1277 1486 te
1307 1427 1525 1504 lrerrignitatom.
1572 1432 1697 1494 littura.

346 1530 491 1588 cornmisil
513 1546 634 1596 munus,
658 1547 716 1607 quo
739 1536 768 1587 te
792 1531 914 1588 visissim
937 1529 1077 1588 honorat:
1106 1537 1207 1606 patera
1231 1536 1274 1587 est
1297 1549 1330 1589 ex
1350 1539 1473 1605 argemo
1489 1532 1639 1597 rivomalo.

346 1636 453 1705 praeter
481 1630 510 1689 id
539 1630 618 1709 quod
645 1631 777 1709 pondere
806 1646 966 1708 perinagua
991 1635 1049 1697 est,
1080 1637 1142 1688 arte
1165 1629 1261 1688 adlrne
1285 1631 1534 1691 eorumemlabilis.
1580 1652 1640 1693 noar

316 1714 490 1791 retudilabis
518 1731 671 1807 iudignum
701 1732 833 1809 prino-ipe
861 1748 987 1811 murrus;
1024 1748 1191 1808 quanquam
1227 1731 1288 1807 ipse
1317 1731 1395 1790 ‹lieat
1424 1732 1481 1791 boe
1509 1751 1540 1791 se
1570 1732 1640 1794 dare

345 1830 468 1907 fugienti
490 1830 556 1901 tibi,
580 1832 717 1892 daturmn
740 1831 883 1910 siquando
906 1831 1042 1893 accedas.
1066 1830 1209 1907 ampliora
1231 1831 1337 1901 multa,
1360 1840 1502 1911 voratque
1524 1835 1640 1895 dureris

345 1930 401 1991 boe
423 1932 577 1993 Poculnm.
622 1909 769 2012 ipseque
799 1928 850 1991 tibi
878 1934 991 1991 mittam
1014 1930 1121 1990 dubius
1142 1950 1224 1990 sum:
1260 1935 1379 1992 namin
1403 1932 1639 2008 Angliamaiuut

343 2030 428 2093 abire
442 2040 481 2093 te.
519 2033 615 2093 scribe
638 2033 707 2111 quid
731 2034 795 2093 lieri
818 2031 886 2091 velis
909 2032 945 2091 de
967 2040 1068 2109 patera
1091 2033 1232 2110 prinurm,
1257 2033 1377 2101 deinde,
1402 2034 1471 2111 (prid
1494 2035 1547 2093 libi
1569 2054 1638 2113 pro·

343 2134 456 2211 ponas?
484 2133 556 2194 Relli
579 2152 722 2213 prospere
745 2136 842 2194 omnia
865 2140 1041 2193 evenerunt:
1074 2150 1182 2209 magno
1203 2136 1391 2195 Germaniam
1413 2135 1559 2211 perienlo.
1584 2155 1705 2213 prr-§.ro

312 2231 424 2294 rsblico
446 2241 527 2294 rue-lu
549 2234 751 2302 liberavimus;
785 2234 855 2314 quid
883 2253 1063 2312 magnopere
1093 2251 1230 2294 oraremus
1259 2236 1350 2303 enim,
1381 2236 1458 2313 quod
1486 2237 1562 2294 rirat
1591 2236 1638 2297 ille

344 2337 392 2395 eui
421 2314 489 2415 quia
517 2337 679 2396 ademimus
708 2337 821 2403 orunia,
851 2335 1004 2396 rirendmn
1033 2336 1140 2395 misere
1169 2336 1229 2394 est?
1263 2335 1365 2395 'lotam
1389 2335 1545 2413 aliipramle
1573 2356 1636 2399 rem

343 2433 433 2512 leges.
479 2438 653 2514 Stutgardiae
681 2438 861 2516 Capuionem
889 2438 1026 2504 conveni,
1057 2438 1184 2513 positum
1213 2452 1320 2515 magno
1350 2438 1378 2495 in
1408 2437 1528 2496 timore:
1562 2439 1705 2509 mili-eu,

343 2541 422 2597 lares
445 2536 734 2599 furores-metuebat
756 2538 853 2597 bonus
873 2544 974 2617 pater;
1007 2538 1059 2597 sed
1082 2555 1137 2613 ego
1156 2537 1314 2596 Franrisro
1337 2537 1459 2597 duriore
1482 2538 1560 2615 apud
1582 2540 1634 2599 du·

344 2656 393 2698 ees
416 2640 615 2699 intercedente
639 2657 789 2705 caveram,
819 2641 842 2698 si
866 2641 891 2698 ri
914 2638 1054 2716 rapienda
1078 2638 1244 2713 Stutgardia
1268 2644 1358 2699 esset.
1387 2638 1416 2696 in
1446 2642 1575 2717 exereitu
1605 2646 1637 2700 ut

309 2752 335 2791 ²⁰
344 2738 579 2816 proclamaretur
602 2741 758 2820 Capniouis
784 2739 940 2819 pluralibus
968 2757 1006 2799 ne
1035 2741 1101 2816 quis
1121 2746 1251 2798 noceret.
1298 2738 1355 2797 boe
1377 2740 1473 2797 neseis
1495 2748 1635 2818 urramtum

342 2834 389 2899 ille
413 2848 441 2899 et
463 2840 549 2919 quale
571 2840 746 2901 benellcium
768 2842 994 2919 interliminium
1024 2859 1092 2899 eum
1120 2840 1339 2916 ego'rouseius
1367 2840 1437 2899 milri
1467 2842 1520 2899 sim
1549 2841 1635 2901 ‹alboii

343 2943 399 3001 mei
423 2939 526 3012 luisse,
556 2949 589 3002 ut
611 2942 799 3022 rideremne
822 2942 891 3022 quid
918 2946 1077 3020 pateretur·
1091 2959 1123 3002 se
1145 2941 1296 3016 imlignum
1320 2942 1362 3026 sir·
1386 2940 1571 3002 doctissimus
1593 2950 1635 3002 at-

343 3127 545 3139 ——-.-..—

341 3260 431 3321 „Sunt
441 3263 486 3327 qui
496 3263 672 3328 suspieentur
683 3263 783 3312 bonam
792 3262 891 3328 prieris
901 3262 965 3311 libri
977 3267 1083 3327 purtem
1094 3263 1249 3327 oppositam
1261 3263 1380 3311 orationi
1394 3267 1446 3311 tum
1460 3278 1513 3326 qrru
1523 3263 1634 3329 linguas

341 3345 509 3409 „praedicam
528 3347 576 3397 sed
589 3347 674 3397 multo
692 3347 837 3396 maximum
856 3351 963 3410 partem
982 3346 1092 3410 oblique
1112 3351 1212 3395 tortam
1231 3347 1260 3394 iu
1278 3362 1329 3395 me.
1368 3363 1427 3395 eom
1446 3349 1634 3412 suspicionem

342 3445 378 3489 „a
396 3445 439 3478 me
459 3430 552 3496 depuli
570 3430 666 3482 libello
683 3431 762 3481 bidui
779 3430 875 3480 labore
895 3431 982 3481 <effuso
1005 3431 1098 3480 uerius
1123 3447 1204 3495 qutun
1228 3431 1346 3495 scripio:
1371 3431 1487 3494 pigebat
1510 3433 1582 3481 enim
1605 3434 1634 3481 in

341 3513 518 3572 „huiusmodi
536 3517 632 3565 neniis
651 3515 764 3564 multum
784 3531 872 3580 opera·
891 3514 1040 3564 collocare.
1070 3530 1122 3562 nee
1140 3514 1193 3563 tibi
1211 3529 1270 3564 sum
1289 3517 1522 3580 summoueretur,
1543 3523 1574 3566 ut
1586 3517 1633 3566 1ιο-

340 3597 427 3656 ,,ιιιίιιί
446 3599 627 3663 respondeum
647 3602 695 3648 sut
713 3599 805 3663 siquid
822 3598 1004 3664 respondeus,
1025 3600 1196 3663 argumentis
1215 3615 1270 3649 rem
1290 3616 1358 3665 ogas
1371 3602 1463 3665 polius
1476 3617 1557 3664 qurum
1570 3618 1633 3650 eon-

339 3681 454 3744 ,‚t'ieiis,
473 3684 627 3746 praesertim
640 3697 701 3732 cum
714 3683 761 3732 ille
774 3683 938 3748 temperarit
951 3699 967 3731 u
986 3683 1156 3743 nominibus,
1176 3699 1228 3732 nee
1248 3685 1391 3733 admodum
1411 3683 1547 3735 virulente
1566 3688 1632 3736 seri-

338 3763 417 3824 „bat
455 3767 525 3829 quod
544 3770 568 3817 si
587 3769 704 3817 maxime
725 3768 845 3828 fuceret,
867 3774 959 3817 tomen
978 3768 1112 3814 srreaerim
1132 3766 1240 3816 calamo
1259 3769 1408 3828 moderari,
1433 3774 1464 3816 ut
1481 3771 1633 3833 posteritas

337 3847 501 3914 „intelligat
519 3866 567 3900 nos
586 3867 640 3900 non
657 3857 765 3900 tantum
784 3866 883 3912 eousat,
902 3865 996 3899 verum
1017 3851 1101 3899 etiem
1121 3851 1256 3901 modestia
1276 3853 1362 3902 fnisse
1381 3854 1564 3918 sirperiores.’'
1583 3861 1632 3903 etr.

328 3930 359 3980 Ὀ
372 3931 530 3983 Ενιιιιιιίοαιιι
543 3919 711 3985 mordentem?
725 3935 768 3986 Cli.
782 3950 865 4000 supro
878 3952 903 4000 p.
917 3935 1111 3996 ⁴254.n.ex111.,
1126 3934 1173 3983 ubi
1187 3935 1267 3984 linem
1282 3938 1430 3986 Erosrrriete
1444 3937 1578 4003 apologia·
1591 3954 1631 3986 re-

336 4017 467 4079 petimus.
522 4017 529 4051 ¹
543 4017 697 4085 Apologioe]
710 4021 780 4070 Eum
794 4036 827 4068 ex
840 4018 933 4067 multis
946 4020 1098 4068 Erasinieis
1112 4019 1248 4086 apologiis
1261 4021 1288 4068 lr.
1303 4021 1320 4069 l.
1334 4020 1393 4071 vult.
1404 4023 1554 4080 liuttenus,
1575 4037 1632 4084 qua·

325 4085 500 4151 'inscribitur
517 4103 673 4168 „Apologia
693 4105 823 4153 reiieiens
843 4103 1012 4167 (puniendum
1030 4105 1204 4167 stropieiones
1224 4119 1256 4152 ae
1270 4120 1405 4162 rumores,
1431 4109 1512 4153 natos
1526 4121 1559 4152 ex
1572 4105 1630 4152 dio-

337 4183 420 4249 „logo
440 4185 572 4251 figurato,
597 4189 642 4252 qui
662 4188 766 4238 locabo
783 4190 900 4237 Lutomo
924 4202 1012 4237 suerso
1031 4187 1180 4251 theologiae
1200 4187 1346 4236 liei-ntiuto
1366 4188 1559 4247 inserilrilur'';
1584 4187 1629 4249 qui

336 4268 426 4328 bidui,
447 4271 470 4318 si
489 4286 543 4319 non
561 4272 725 4320 mentiretur
741 4273 887 4334 Erasmus,
907 4271 987 4321 labor
1006 4273 1034 4320 in
1053 4272 1177 4335 extemplo
1196 4287 1307 4335 operum
1325 4272 1529 4319 lirusmieorum
1545 4268 1629 4319 llasil.

336 4351 421 4402 (15⁴0.
443 4353 490 4402 sel.
509 4360 574 4404 tem.
588 4355 647 4419 lli.)
667 4357 784 4422 paginas
797 4355 839 4405 tls,
854 4357 923 4405 mod.
938 4371 1023 4419 usque
1038 4355 1111 4419 adp.
1124 4353 1166 4404 tto,
1181 4355 1282 4418 (explet.
1297 4355 1527 4419 sarlaseriptiouem
1545 4354 1632 4402 babet

336 4437 489 4498 „Lemnio
511 4440 607 4502 quinto
625 4439 739 4489 Colend.
753 4440 839 4504 April.
853 4431 930 4489 Αἱιιιο
943 4439 1104 4489 sitnm.
1157 4436 1168 4467 ²
1191 4436 1283 4503 llo-rel]
1303 4439 1452 4487 arelriduee
1471 4439 1628 4499 nustriae-o,

336 4521 429 4571 Caroli
441 4521 473 4570 V.
492 4524 557 4587 imp.
572 4523 668 4572 irutre.
684 4523 720 4573 el.
730 4525 835 4573 Erosmi
851 4541 894 4589 ep.
908 4525 943 4572 ed
957 4523 1025 4572 Lud.
1040 4524 1136 4572 l'ivom
1156 4537 1282 4571 reexcrv.
1298 4522 1379 4570 exod.
1395 4523 1427 4571 L.
1442 4522 1472 4569 ll.
1495 4520 1566 4573 liilli.
1581 4522 1628 4595 fel.

335 4605 432 4668 plat.
486 4603 621 4671 lstannus]
641 4607 711 4670 quod
732 4608 757 4656 d.
782 4607 818 4656 lo.
838 4611 908 4670 Aug.
923 4608 1010 4656 eiusd.
1030 4607 1095 4655 orriri
1119 4606 1236 4655 uomlum
1261 4612 1411 4671 ueeoperet
1429 4608 1560 4656 Erasmus
1579 4608 1627 4666 (ol.

334 4689 443 4739 Erosmi
461 4691 530 4756 Epp.
544 4691 576 4740 L.
592 4691 621 4738 B.
638 4688 711 4739 ttult.
726 4691 773 4740 fol.
787 4708 814 4756 p.
827 4692 885 4741 lita.
900 4692 917 4739 i.
933 4692 973 4753 l),
994 4691 1042 4740 sed
1062 4690 1187 4754 Epistola
1207 4691 1240 4739 ed
1253 4691 1395 4740 ailbertum
1413 4683 1440 4740 ll.
1456 4690 1478 4740 l.
1491 4692 1561 4740 Nor.
1576 4693 1628 4741 Lo·

334 4761 523 4836 t’suii·rlutu,'
536 4765 614 4830 evius
632 4774 706 4823 inira
724 4783 831 4839 purtem
850 4781 1020 4840 repetemus,
1041 4777 1147 4839 gratius
1165 4775 1199 4824 de
1219 4781 1336 4840 nampio
1355 4777 1424 4840 ogit.
1460 4776 1559 4826 Servat
1577 4775 1630 4828 boc

333 4855 460 4919 pedulum
478 4857 615 4922 hodieque
629 4859 730 4908 eit'itos
743 4861 916 4910 llosilionsis.
954 4878 987 4910 ex
1001 4878 1033 4911 eo
1046 4879 1087 4910 me
1102 4861 1197 4910 bibere
1210 4862 1331 4910 memini.
1385 4860 1441 4893 ¹2¹³
1460 4862 1537 4911 obire.
1552 4862 1630 4925 ajunt

334 4943 408 4993 Μ.
463 4941 482 4976 ¹⁴
501 4959 632 5009 prospera
652 4946 726 4996 3...4.
780 4943 801 4976 ¹⁵
819 4944 876 5011 illo]
898 4946 1241 5012 ll'iirtemborgensisdrrx.
1299 4945 1320 4976 ¹⁷
1338 4946 1513 5013 Studgsrdire
1526 4952 1552 4998 2.

1332 5035 1402 5098 18*
