3917 5950
388 625 460 700 282
537 635 644 690 CXXX.
665 652 767 689 anneus
782 650 843 687 nor.
857 651 893 687 nn
907 651 989 687 nass.
1005 650 1039 687 nn
1053 651 1148 688 nnana
1161 652 1235 687 nono
1249 652 1291 687 ar.
1306 653 1332 692 n.
1346 646 1379 688 ns.
1394 654 1452 690 ινι.
1470 629 1527 690 isto.

386 816 451 874 illos
471 814 533 873 alin
554 813 603 870 ala
625 809 669 868 ad
687 825 749 868 rem
772 824 810 868 nc
833 809 962 884 qloriam
984 810 1160 884 parandam
1185 811 1281 883 maqis
1301 811 1424 884 idonea,
1450 800 1596 887 siquidem
1612 813 1685 886 ple-

387 932 512 990 ramque
538 913 715 972 nobilitatem
744 913 823 970 illius
849 913 955 970 insulae
973 914 1093 986 peperit
1115 913 1170 970 boc
1191 913 1354 971 studiorum
1373 930 1486 987 penus·
1518 916 1551 973 in
1567 930 1601 973 eo
1621 931 1682 973 ne·-

319 1020 462 1094 §.2⁴·qant
480 1030 647 1091 quenquam
668 1014 780 1072 absolui
797 1029 883 1086 posse
904 1015 963 1072 nisi
980 1015 1125 1088 plurimos
1146 1029 1240 1073 amms
1257 1016 1416 1074 insudarit.
1451 1015 1496 1074 Ab
1510 1017 1569 1076 boc
1589 1019 1693 1089 iqitur·

386 1136 453 1180 cum
475 1135 533 1178 non
556 1119 668 1176 iniuria
690 1115 865 1174 abhorreret
886 1117 1080 1174 adolescentis
1097 1118 1247 1189 inqenium
1268 1118 1435 1178 melioribus
1459 1119 1548 1178 rebus
1568 1127 1675 1184 nalum,

387 1228 483 1281 tamen
509 1226 577 1295 post
603 1220 774 1292 depastatus
801 1217 994 1276 scholasticas
1019 1218 1196 1293 disciplinas
1216 1222 1259 1279 sic
1280 1221 1311 1278 in
1333 1220 1388 1279 boc
1407 1227 1543 1280 versatus
1562 1231 1620 1293 est,
1648 1228 1684 1278 ul
1761 1220 1772 1259 ⁵

387 1340 482 1398 neque
502 1322 689 1381 consulerent
708 1335 874 1393 quenquam
895 1320 1032 1378 libentius
1052 1322 1228 1395 litiqatores,
1252 1339 1346 1396 neque
1359 1330 1501 1396 questum
1515 1323 1678 1382 uberiorem
1729 1358 1762 1369 -

385 1425 680 1514 faceretquisquam
702 1438 803 1480 cortem
825 1423 876 1495 qui
901 1422 978 1480 nibil
999 1423 1086 1481 alind
1107 1423 1252 1496 aqebant:
1284 1430 1368 1482 tanta
1389 1430 1458 1483 erat
1477 1427 1521 1483 eis
1542 1442 1580 1484 ac
1599 1427 1678 1484 cele·
1746 1452 1765 1462 -

320 1514 464 1590 §.ntitas
489 1527 625 1598 iuqeuil„
654 1525 729 1594 (inin
758 1529 787 1581 et
810 1524 975 1582 enutriendis
1000 1525 1231 1583 orthodoxorum
1258 1526 1450 1585 columinibus
1477 1542 1536 1585 non
1563 1541 1678 1599 seqnem
1736 1540 1769 1571 -τ

270 1651 272 1654 ’
330 1613 354 1630 ”
388 1644 509 1715 operam
534 1626 689 1700 impendit,
719 1624 876 1697 Anqrtstini
899 1626 989 1684 libros
1017 1624 1066 1683 ‘de
1092 1629 1209 1685 ciuitate
1237 1624 1299 1686 dei'
1315 1627 1437 1701 publice
1461 1627 1620 1702 professus
1639 1635 1680 1685 est
1715 1627 1771 1675 ⁴!

388 1731 489 1789 adbuc
505 1746 582 1804 pene
603 1728 773 1786 adolescens
794 1726 941 1785 duditorio
957 1725 1124 1799 frequenti,
1143 1744 1198 1786 nee
1215 1728 1327 1802 puduit
1345 1745 1401 1787 nec
1412 1731 1555 1802 paenituit
1574 1746 1677 1788 saeer-
1778 1730 1790 1770 ¹¹

321 1834 470 1892 §.nantes
497 1848 535 1890 ac
562 1847 646 1889 senes
673 1847 692 1887 n
720 1832 823 1888 incaene
844 1827 978 1902 profano
1002 1845 1093 1887 sacra
1122 1831 1246 1889 discere.
1289 1830 1413 1889 Interim
1441 1836 1471 1889 et
1498 1830 1543 1888 ad
1563 1833 1678 1905 pietatis
1760 1840 1772 1851 ·

387 1935 515 1994 studium
531 1938 617 1992 tolum
637 1934 768 1990 animum
787 1931 916 2004 iniquia,
940 1932 1061 2002 aiqiliis,
1083 1933 1213 2004 ieiuniis,
1230 1931 1451 2006 precationibus
1466 1933 1594 2005 aliisque
1605 1948 1678 1990 con-

387 2036 531 2095 similibus
549 2033 858 2108 proqqmnasmatibus
877 2033 1075 2090 sacerdotium
1096 2034 1261 2092 meditans:
1293 2049 1353 2106 qna
1375 2033 1498 2119 quidem·
1513 2035 1545 2091 in
1566 2050 1601 2092 re
1622 2050 1678 2093 non

386 2141 479 2213 paulo
499 2139 572 2211 plus
598 2136 650 2219 ide
671 2135 806 2209 sapiebat
832 2149 921 2207 qaam
945 2134 1084 2207 plerique
1106 2136 1156 2193 isti
1181 2137 1234 2207 qui
1258 2142 1366 2194 temere
1391 2134 1435 2192 ad
1459 2142 1520 2192 lam
1552 2131 1678 2193 arduam

386 2239 600 2314 professionem
628 2239 768 2310 inqaunt
792 2228 876 2307 sesc,'
893 2238 973 2295 atillo
999 2236 1087 2310 prins
1113 2238 1162 2294 sui
1184 2237 1319 2310 perierem
1343 2235 1445 2308 facto,·
1476 2253 1574 2319 neque
1592 2239 1717 2311 quie-r
1782 2230 1791 2270 ¹

389 2356 478 2415 quam
499 2339 631 2398 obstabat
652 2356 709 2411 quo
728 2340 824 2396 minus
843 2354 907 2398 sese
928 2336 998 2396 biiic
1019 2338 1085 2395 aitte
1104 2340 1211 2410 qeneri
1231 2339 1399 2414 addiceret,
1420 2339 1482 2396 nisi
1500 2339 1582 2412 quod
1601 2354 1678 2420 spao-

389 2446 432 2501 ris
460 2441 638 2500 desiderium
666 2456 725 2500 non
755 2447 854 2513 posset
884 2445 1042 2506 exentera·
1075 2440 1181 2497 maluit
1211 2442 1303 2513 iqilur
1335 2440 1460 2497 maritus
1490 2456 1554 2498 esse
1584 2448 1679 2500 castus

322 2548 479 2618 §.v-quam
500 2541 642 2600 sacerdos
662 2544 806 2616 impurus.
828 2540 953 2600 Tamen
973 2542 1117 2612 airqinem
1137 2539 1226 2598 duait
1245 2538 1406 2599 admodum
1423 2543 1577 2618 puellam,
1598 2543 1679 2599 claro

386 2660 498 2718 qenere
519 2648 635 2713 natam,
658 2644 763 2701 medem
785 2642 899 2713 adbuc,
923 2646 1020 2716 utpote
1038 2643 1107 2699 ruri
1128 2644 1205 2700 inter
1222 2648 1363 2717 parentes
1379 2659 1417 2702 ac
1434 2637 1551 2701 sorores
1566 2659 1679 2717 semper

389 2745 533 2814 babilam,
556 2750 619 2817 quo'
634 2747 729 2817 maqis
746 2747 792 2803 illi
806 2746 909 2802 liceret
927 2745 1010 2803 illam
1031 2744 1076 2801 ad
1090 2759 1157 2802 suos
1178 2759 1275 2803 mores
1293 2730 1432 2818 finqeref
1448 2743 1529 2803 banc
1542 2751 1573 2803 et
1589 2733 1790 2804 luensr*

389 2847 593 2906 instruendam
621 2849 738 2906 miraiit
761 2853 790 2905 et
816 2848 897 2904 omni
920 2847 1043 2903 musices
1066 2860 1177 2917 qenere
1209 2846 1325 2905 doctam
1356 2846 1502 2917 reddidit,
1533 2848 1680 2920 planeque

389 2952 477 3009 talem
494 2965 574 3024 pene
592 2951 741 3021 dunaal,
768 2950 885 3022 quicum
905 2947 1036 3006 libuisset
1056 2947 1224 3005 urtitersam
1245 2953 1360 3007 atatem
1384 2948 1520 3022 eniqere,
1550 2948 1585 3005 ni
1603 2962 1680 3006 mors

387 3057 574 3127 promoturo
590 3053 724 3126 puellam
746 3052 909 3108 sustulisset
928 3065 945 3107 a
963 3048 1073 3119 undio,
1099 3049 1155 3106 sed
1172 3052 1293 3109 enricum
1321 3050 1429 3109 liberos
1449 3052 1577 3123 aliquot,
1605 3065 1680 3123 qno-

391 3170 458 3212 rum
480 3154 582 3212 adbuc
605 3161 766 3227 supersunt
790 3152 902 3225 puellm
929 3138 1002 3220 ires,
1034 3150 1259 3224 [Marqaretba,
1280 3152 1414 3226 ulloque,
1437 3151 1580 3227 Cecilia,]
1606 3168 1681 3225 puer

321 3260 467 3314 §.munus
490 3252 657 3333 [Ioannes].
702 3253 802 3327 Neque
824 3254 876 3310 diu
898 3251 1005 3309 ccelebs
1029 3253 1126 3311 ninere
1150 3255 1299 3324 sustinuit,
1331 3255 1400 3311 licet
1425 3255 1485 3310 alra
1511 3243 1790 3311 uocantibusn-⁴3

389 3358 551 3413 amicornm
572 3358 716 3413 consiliis:
749 3353 856 3427 paucis
877 3352 1023 3411 enormibus
1044 3369 1063 3410 a
1082 3352 1194 3424 funere
1212 3358 1317 3414 ieroms
1334 3355 1454 3413 cidnum
1477 3354 1567 3411 drmit
1586 3355 1681 3426 maqis

388 3455 535 3520 carmine
550 3455 680 3528 familiae
697 3470 785 3527 quam
808 3455 963 3528 uoluptati,
986 3456 1097 3529 quippe
1120 3472 1175 3514 nec
1195 3456 1301 3516 bellam
1319 3455 1493 3526 admodum,
1515 3471 1571 3513 nec
1588 3458 1680 3529 puel-

388 3560 465 3627 lam,
488 3566 519 3614 ut
536 3559 599 3630 ipse
617 3558 713 3614 iocari
732 3559 817 3626 solet,
838 3557 892 3613 sed
904 3570 1004 3614 acrem
1025 3572 1063 3614 ac
1080 3558 1248 3628 aiqilantem
1265 3556 1540 3628 matremfamilias,
1562 3558 1681 3630 quitum

389 3663 485 3716 tamar
496 3658 626 3731 perinde
639 3660 760 3742 comiter
777 3659 965 3730 suauiterque
988 3659 1055 3715 sinit
1075 3674 1113 3716 ac
1127 3659 1155 3716 si
1172 3661 1274 3732 puella
1292 3659 1376 3731 forel
1391 3657 1495 3730 formu
1517 3663 1681 3731 qnantum-

321 3759 459 3821 §.atila
479 3758 616 3816 antubili:
648 3760 699 3816 eise
721 3759 798 3815 uelites
818 3761 943 3816 moritus
968 3774 988 3814 a
1013 3776 1069 3817 sua
1097 3766 1210 3819 tantum
1237 3760 1368 3833 obsequii
1392 3762 1532 3833 impetrat
1559 3760 1715 3832 imperioso

389 3866 477 3934 alque
497 3859 706 3928 serenitudine,
729 3866 870 3931 quantum
893 3859 942 3918 bic
963 3860 1115 3919 blanditiis
1137 3863 1273 3935 iocisque.
1311 3861 1386 3936 qnid
1404 3862 1482 3919 enim
1503 3875 1563 3919 non
1585 3862 1683 3935 impe-

388 3970 458 4032 tret,
481 3968 675 4035 posteaquam
696 3961 808 4032 effecit,
837 3967 869 4017 ut
886 3962 993 4019 muilier
1014 3963 1074 4018 iam
1096 3962 1140 4029 ad
1158 3964 1272 4020 senium
1290 3977 1429 4035 serqens,
1450 3961 1494 4019 ad
1513 3960 1570 4019 boc
1591 3962 1686 4018 animi

388 4065 506 4122 minime
536 4064 645 4134 molb's,
675 4068 824 4136 postremo
858 4063 901 4119 ad
931 4078 994 4119 rem
1027 4046 1234 4134 attentissima,
1267 4063 1401 4133 cithara,
1429 4063 1588 4131 testudine,
1617 4078 1683 4120 mo-

388 4165 538 4225 nocbardo
558 4165 691 4238 libiisque
713 4179 823 4222 canere
847 4163 988 4233 disceret,
1014 4168 1043 4221 el
1063 4164 1093 4220 in
1115 4163 1196 4223 bisce
1216 4165 1304 4248 rebus
1322 4164 1452 4238 quolidie
1470 4161 1684 4237 picescriptum

320 4268 489 4343 §.mopere
513 4282 638 4342 pensiim
663 4266 795 4338 exiqenti
817 4264 925 4321 marito
951 4262 1113 4324 redderet?
1145 4266 1295 4325 Consimili
1317 4268 1452 4325 comitale
1473 4271 1562 4322 totam
1581 4263 1716 4335 fami-ss

387 4373 460 4428 liam
490 4371 678 4440 moderatim,
710 4369 740 4425 in
770 4381 832 4439 qna
855 4349 1130 4439 tricilatraqoedia,
1164 4370 1248 4425 rescita
1274 4370 1366 4436 rina;
1401 4366 1503 4440 siquid
1528 4368 1684 4436 exstilerit,

456 4536 652 4602 ¹·2pleranquo
664 4538 769 4589 1...l.d.
817 4532 989 4599 plerisquei.
1029 4530 1471 4599 ¹⁸TamenJenspeclmsltaque.
1519 4530 1684 4582 duxitndm.

388 4617 519 4683 puellam]
535 4622 571 4668 ci.
582 4622 696 4670 liosiod.
709 4621 779 4685 Opp.
792 4623 820 4666 et
829 4618 855 4665 d.
866 4616 925 4666 oin.
940 4608 1135 4683 ΙΠαρθενυιὴν
1148 4611 1180 4667 δὲ
1193 4621 1306 4684 γαμεῖν,
1318 4607 1356 4677 ὥς
1368 4607 1393 4667 ι’
1404 4606 1482 4681 ἤθεα
1495 4605 1585 4665 κεδνὰ
1600 4608 1684 4666 διδά-

390 4697 449 4763 ξῃς,
462 4701 605 4765 Virginem
618 4719 683 4753 vero
696 4705 803 4761 ducito,
818 4706 846 4748 ut
860 4716 949 4749 mores
963 4705 1055 4749 castos
1067 4699 1179 4750 docens.
1241 4702 1263 4735 ²³
1282 4703 1394 4768 aliquod
1407 4706 1432 4750 7.
1494 4698 1514 4732 ²¹
1535 4700 1683 4749 instituen-

390 4783 453 4831 dam
469 4788 493 4832 t.
539 4783 562 4815 ²⁸
574 4786 748 4835 Praenomina
762 4772 821 4849 qun·
834 4785 914 4833 uncis
926 4783 1101 4846 inclusimus,
1121 4788 1162 4835 ed.
1175 4790 1198 4835 t.
1212 4788 1376 4848 nonhabet,
1396 4786 1445 4836 sed
1462 4785 1568 4834 habent
1585 4788 1612 4833 2.
1626 4800 1683 4850 sqq.

389 4868 506 4917 Caeeilin
517 4871 542 4916 5.
605 4868 628 4900 ’ὅ
646 4869 740 4920 celebs
754 4871 863 4919 1...l.o.
917 4867 1056 4917 caelabsb.
1121 4865 1211 4920 ”nec
1231 4868 1326 4935 quest]
1346 4871 1443 4919 adludit
1461 4870 1576 4917 adillud
1593 4869 1693 4940 Lydia,

389 4952 466 5003 bella
483 4951 586 5018 puella.
686 4994 696 5019 ,
