3917 5950
368 600 436 673 186
603 610 738 661 LXXXV.
758 625 879 661 nummu
895 625 931 657 ao
945 625 1000 658 aaa.
1016 624 1103 658 mave
1119 625 1161 658 sr.
1175 625 1201 658 o.
1215 619 1249 659 tt.
1263 624 1327 659 ava.
1342 615 1401 658 tat-t.

362 789 433 849 mibi
454 802 569 845 sairrune
591 779 701 859 placet,
725 778 831 839 minori
853 787 995 856 apparatu
1019 781 1125 849 trostri,
1148 799 1235 859 quam
1258 778 1333 839 soliti
1356 785 1425 838 suut
1447 772 1511 837 aliis
1532 794 1660 838 couren-

361 890 454 956 tibus,
478 890 582 963 agurrt,
606 883 666 940 sive
689 880 726 940 ob
750 897 873 940 anrronae
895 879 1110 949 dillicultatem,
1133 882 1193 942 sive
1216 881 1294 959 quod
1317 882 1346 940 in
1368 880 1468 940 miritis
1491 879 1564 938 mibi
1586 879 1659 937 resi·

290 976 297 985 ⁵
362 993 476 1069 pisccrc
498 983 654 1046 Germania
685 982 814 1041 cicietur:
843 967 1011 1060 quanquam
1040 990 1084 1042 est
1113 982 1211 1042 adlurc
1233 984 1306 1043 mira
1329 982 1453 1042 restium
1481 979 1612 1047 luxuria.
1643 999 1659 1038 a

362 1091 451 1153 Gallis
473 1093 590 1163 sumpto
613 1082 764 1160 exemplo,
788 1101 862 1160 quos
883 1092 992 1160 praeter
1014 1086 1141 1161 patriam
1164 1103 1277 1145 morem
1298 1083 1429 1144 aurulari
1445 1084 1475 1141 in
1491 1082 1548 1141 boc
1564 1088 1658 1140 certa·

361 1211 436 1254 irruis.
474 1195 503 1249 et
524 1194 664 1247 strennue
686 1184 808 1253 bibitur,
831 1186 962 1245 nondurn
977 1187 1130 1247 sanitatem
1146 1185 1355 1264 accipientibus
1370 1185 1419 1263 qui
1436 1184 1525 1244 rectis
1539 1193 1681 1258 serrrpert

363 1289 572 1354 laterationibus
594 1285 754 1346 reclamare
777 1285 880 1346 solent.
925 1294 957 1346 ut
979 1287 1054 1347 bene
1077 1294 1200 1365 agantur
1220 1288 1332 1353 onmia,
1355 1285 1583 1345 obstinatissime
1599 1290 1660 1343 stu·

294 1412 312 1462 a.
326 1412 355 1456 io.
366 1395 416 1456 det
438 1394 543 1453 Cesar.
588 1387 653 1465 lpse
683 1387 754 1447 milri
781 1389 936 1464 negocium
964 1388 1011 1448 uis
1032 1388 1137 1449 diebus
1167 1390 1222 1449 leci
1251 1388 1459 1456 discurrendo,
1490 1384 1659 1453 ambiendo,

363 1490 625 1574 apprehendendo,
649 1489 884 1566 durnptimum
907 1507 1054 1568 quemque
1076 1509 1111 1550 cx
1134 1490 1208 1550 aulis
1229 1491 1395 1567 principum
1417 1490 1447 1549 iu
1469 1496 1569 1566 partes
1585 1486 1659 1563 Cap·

364 1597 460 1657 nionis
481 1593 610 1659 trabam,
641 1609 807 1672 quanquam
835 1591 893 1651 buc
920 1590 998 1651 ultro
1021 1590 1061 1650 illi
1084 1591 1260 1660 concedant,
1288 1610 1343 1651 nec
1372 1592 1428 1650 iam
1451 1608 1526 1668 opus
1548 1590 1586 1648 sit
1607 1606 1659 1665 pa·

296 1718 432 1773 §.iurare
454 1695 539 1756 rrobis
561 1693 686 1751 amicos:
710 1692 770 1767 ipsa
794 1709 880 1750 causa
904 1700 1045 1753 emortuae
1067 1692 1168 1753 sindlis
1183 1700 1241 1753 est:
1264 1690 1335 1752 nibil
1353 1693 1429 1752 euim
1444 1692 1579 1758 auditur,
1601 1689 1659 1749 nisi
1672 1697 1694 1737 ¹⁰

364 1799 442 1879 quod
466 1813 565 1857 corrues
587 1792 752 1885 llcrmanus
774 1792 811 1852 dc
833 1792 991 1853 Neuuenar
1013 1794 1223 1872 llogostratum
1246 1796 1340 1854 lortur
1362 1792 1481 1853 Colonia
1511 1791 1659 1869 expulisse

362 1906 485 1981 propter
506 1899 655 1972 impurum
678 1892 832 1952 nebulonis
853 1895 1040 1971 figmentum,
1067 1896 1097 1955 in
1125 1914 1183 1974 quo
1206 1896 1355 1956 bominem
1377 1893 1569 1972 prosciderat.
1615 1891 1658 1950 Ex

363 2001 454 2063 Gallia
478 1997 611 2059 scribunt
632 1994 744 2062 Faber,
768 1994 908 2065 Bndaeus,
932 1995 1064 2072 Racilius
1087 2003 1116 2057 et
1137 1997 1250 2075 Copas,
1273 1995 1344 2056 nibil
1368 1997 1431 2056 istic
1454 2013 1519 2054 csse
1534 1993 1659 2071 Capnio·

363 2105 408 2164 nis
430 2103 547 2162 {termine
570 2096 731 2165 celebrius,
755 2102 783 2155 et
805 2095 986 2174 tlreologistis
1008 2098 1174 2176 ademptam
1197 2117 1314 2159 omnem
1336 2098 1453 2176 penitus
1468 2114 1562 2173 spem.
1601 2094 1659 2185 Vos

295 2207 394 2271 §.rain
416 2201 495 2262 ltalia
519 2199 589 2277 quid
611 2197 709 2275 agitis,
733 2204 783 2256 aut
805 2197 884 2274 quod
906 2199 960 2276 ipsi
985 2212 1102 2278 quoque
1123 2200 1291 2261 incendium
1308 2199 1458 2259 conflatis?
1495 2197 1554 2257 Sed
1571 2196 1607 2256 ad
1623 2196 1657 2255 il·
1669 2204 1691 2243 ¹⁵

363 2304 412 2367 lud
435 2305 541 2363 iterum
564 2301 647 2360 verrio
669 2300 835 2376 principum
858 2299 949 2360 docus
971 2299 1133 2360 ailbertum.
1169 2301 1248 2380 quod
1277 2308 1384 2378 praeter
1405 2299 1571 2360 Romanum
1595 2315 1658 2357 mo·

363 2425 427 2467 rem
450 2405 559 2464 lacteum
575 2418 683 2470 ,ornnes
705 2406 824 2476 putam,
855 2403 944 2478 gratis
973 2401 1013 2462 illi
1043 2403 1120 2462 misit
1148 2402 1280 2479 galerum
1303 2410 1332 2464 ct
1352 2418 1516 2480 purpuram
1540 2399 1600 2458 Leo
1623 2398 1657 2458 li.

363 2517 421 2568 tam
445 2505 483 2564 ob
505 2519 660 2581 persuasas
681 2500 736 2560 sibi
758 2500 918 2565 multorum
941 2504 1194 2565 commendatione
1215 2504 1341 2565 lrominis
1363 2504 1499 2570 uirtutes,
1523 2519 1612 2578 quam
1627 2505 1658 2559 ut

364 2609 577 2687 gratificaretur
600 2609 670 2680 puto
693 2601 813 2671 Caesari,
832 2604 885 2689 qui
908 2603 1028 2664 biberto
1050 2607 1124 2666 mire
1148 2607 1238 2674 iaret;
1261 2605 1364 2665 damus
1379 2604 1436 2663 boc
1451 2603 1552 2681 pietati
1568 2603 1658 2679 ipsius

365 2717 394 2769 ct
415 2724 562 2786 propenso
584 2705 613 2762 iu
637 2721 739 2763 oirrires
761 2703 855 2763 borres
876 2706 986 2773 studio:
1010 2705 1144 2767 Calendis
1167 2707 1287 2785 Augusti
1310 2705 1443 2783 galerum
1464 2705 1591 2781 sumpsit
1613 2701 1689 2761 tuen

296 2833 356 2882 §.aa
366 2815 530 2889 apponente
553 2805 648 2883 legato
671 2805 828 2881 pontificio.
874 2805 1038 2868 Iucundum
1061 2808 1115 2868 init
1137 2809 1165 2868 id
1189 2807 1403 2886 spectaculum,
1426 2807 1553 2866 maxima
1576 2804 1657 2865 uobi-

364 2913 450 2974 litatis
474 2907 635 2988 frequentia
658 2907 734 2966 lacto
757 2924 841 2965 sacro
864 2926 897 2966 ac
920 2909 1029 2987 ingenti
1052 2910 1147 2969 omnis
1169 2911 1286 2989 generis
1308 2909 1459 2969 hominum
1480 2908 1657 2968 circumfusa

364 3012 566 3077 ririiltitudinc:
591 3010 652 3085 ipse
669 3008 765 3068 Caesar
787 3026 804 3067 a
826 3010 918 3068 sacris
940 3010 1060 3070 ‹lomum
1084 3013 1201 3073 reduxit
1215 3012 1383 3080 Allicrtunu
1407 3010 1513 3071 ileindc
1535 3027 1658 3070 mirarere

364 3116 441 3177 misit
463 3113 574 3190 regiam
597 3109 743 3177 lecticam,
774 3127 866 3187 equos
893 3118 923 3169 et
944 3116 1056 3188 tapetes
1079 3131 1169 3191 opere
1191 3113 1277 3174 simul
1300 3132 1334 3173 ac
1356 3114 1477 3172 materia
1500 3110 1656 3170 aelnrirabi-

364 3219 419 3285 lcs;
452 3217 529 3275 iuxta
553 3212 614 3271 laroc
637 3210 743 3270 Leonis
765 3210 880 3271 blaximi
904 3212 1029 3280 (lenum,
1059 3216 1196 3292 gernruis,
1225 3234 1297 3274 auro
1320 3233 1353 3274 ac
1376 3214 1543 3291 margaritis
1566 3214 1688 3272 inlex-2⁵

295 3328 427 3395 §.ritum
450 3314 558 3393 pileum
581 3319 609 3372 ct
632 3329 731 3371 ensem
754 3312 891 3372 deaurata
915 3315 1025 3391 vagina.
1070 3316 1260 3393 sequentibus
1281 3315 1391 3395 aliquot
1412 3313 1517 3375 diebus
1539 3332 1657 3391 pragata-

364 3428 408 3479 tos
430 3417 557 3477 collirium
582 3414 714 3474 lecerunt
736 3413 771 3472 ad
793 3412 876 3473 illurn
899 3416 1047 3476 vernentes
1070 3418 1300 3495 congratulando
1323 3416 1361 3476 ob
1384 3417 1450 3476 novi
1473 3415 1597 3475 lionoris
1612 3433 1657 3473 ac·

364 3521 535 3582 cessionem.
582 3514 658 3575 licus
688 3514 763 3575 bene
791 3522 884 3574 vortat
909 3535 943 3576 ac
970 3536 1053 3595 spem
1080 3519 1175 3578 torcat
1203 3537 1314 3579 rrream:
1343 3536 1438 3595 neque
1461 3516 1540 3576 arrian
1563 3522 1659 3593 praest

364 3622 411 3682 illc
433 3638 493 3679 nem
515 3616 622 3677 charus
645 3636 708 3675 esse
731 3616 800 3684 diis,
824 3618 870 3677 ciri
893 3625 990 3677 tantais
1011 3618 1092 3679 brevi
1114 3627 1249 3697 tenrporc
1271 3620 1417 3680 bonorum
1440 3617 1578 3678 cunradus
1601 3634 1658 3676 non

364 3721 503 3783 ambienti
527 3718 612 3778 etiam
635 3736 700 3778 sese
723 3716 839 3778 olludit:
867 3718 1012 3779 'l'iurotbci
1044 3719 1190 3780 loctunam
1214 3721 1336 3789 dixeris,
1365 3720 1401 3780 dc
1428 3737 1487 3798 quo
1511 3718 1583 3778 illud
1607 3718 1687 3777 ali-³⁰

367 3890 562 3902 -,,-.-

430 3988 625 4055 ³l'rugalitas
644 3987 849 4038 Germanorum.
869 3990 994 4054 moras).
1065 3990 1176 4040 atlucC.
1248 3988 1398 4040 ‘emaciari
1412 3991 1445 4039 A.
1517 3986 1657 4038 ⁵strenue

366 4077 418 4126 GE.
466 4072 685 4123 ⁰uronitionibns
699 4074 732 4121 Α.
779 4072 1054 4137 'negotiummaa
1103 4075 1363 4139 ⁸approehendend0
1379 4075 1405 4128 G.
1453 4072 1658 4123 *tarsae-buna.

363 4177 442 4225 remp.
459 4162 489 4209 Ι).
541 4157 762 4207 lconceduntt'.
822 4156 842 4189 '⁰
855 4174 956 4208 caussa
968 4164 994 4208 5.
1049 4156 1294 4224 “Hogoltrattum
1307 4159 1340 4209 Ε.
1398 4156 1585 4209 Hocbltratus
1605 4160 1656 4208 eie·

364 4253 425 4296 etas
435 4261 449 4294 e
461 4242 586 4294 Colonia.
597 4257 677 4305 morp.
691 4243 723 4290 n.
777 4239 798 4272 ¹³
817 4242 917 4293 Faber.
931 4246 1059 4295 Bradanus.
1073 4244 1207 4294 Racilius.
1222 4245 1322 4310 Copus.
1332 4242 1411 4309 morp.
1425 4245 1459 4294 I).
1514 4240 1536 4275 ¹⁴
1554 4259 1658 4293 ornnem

363 4332 520 4395 ademptam
533 4330 590 4377 Μ.
645 4325 667 4358 ¹⁶
685 4326 873 4377 anemonen.
925 4329 1001 4378 Nibil
1020 4330 1068 4379 dat
1086 4329 1174 4395 gratis
1193 4329 1306 4379 Rhama.
1326 4330 1452 4394 simpl).
1507 4326 1527 4360 ¹⁹
1546 4329 1659 4379 Archio-

362 4415 473 4482 pilcopo
490 4414 679 4477 Muguntinus.
705 4427 784 4474 maqq.
800 4412 830 4460 ll.
901 4412 923 4444 ²⁰
942 4405 1112 4464 Caledzlt?
1125 4413 1285 4463 Kalidisb'.
1306 4412 1401 4463 Calan.
1416 4411 1483 4463 us.
1504 4413 1621 4463 Calend.
1636 4415 1657 4461 6.

363 4500 383 4532 ²¹
404 4500 498 4564 legato
518 4493 670 4563 pontilicio]
690 4496 794 4573 'l'lrpma
814 4512 835 4544 s.
850 4497 935 4559 sixti,
954 4498 1117 4563 presbytero
1136 4497 1285 4559 cardinali,
1305 4497 1410 4547 Leonis
1422 4498 1455 4547 X.
1469 4498 1566 4563 legato
1587 4516 1603 4548 a
1621 4499 1657 4548 la·

364 4590 433 4633 tcrc.
504 4577 705 4646 spectaculum]
725 4580 808 4630 nater
829 4581 889 4641 „De
909 4582 1007 4633 inclito
1026 4587 1080 4649 atq
1094 4583 1166 4647 apud
1185 4583 1337 4633 Germanos
1355 4580 1495 4634 rarissimo
1511 4583 1515 4645 Ι
1533 4589 1598 4633 actu
1617 4599 1657 4633 cc·

366 4663 524 4716 ciclialtico
543 4663 640 4713 Kalcd.
654 4663 770 4728 bergulli
789 4663 919 4731 duleuite
945 4666 1094 4716 Celebrate
1118 4682 1190 4717 auno
1213 4665 1346 4730 dominil
1364 4665 1581 4733 torsimus-a
1603 4684 1657 4717 nur-

364 4755 432 4798 ratio
452 4750 576 4811 stirpante·
600 4751 725 4813 iurpressa
749 4752 773 4797 in
792 4748 828 4797 4⁰.
890 4748 913 4780 ²²
937 4752 1097 4800 circonfuso
1111 4751 1143 4800 E.
1231 4750 1254 4783 ²⁵
1271 4752 1376 4801 Leonis
1399 4751 1508 4801 donum.
1533 4769 1614 4817 raurp.
1629 4754 1656 4801 l).

364 4832 387 4865 ‘⁹
406 4847 486 4882 carris
500 4835 556 4879 Μ.
609 4830 632 4863 ³⁰
650 4832 789 4882 'rimetuei
806 4830 866 4896 ete]
885 4834 1067 4894 „Timotheus
1087 4836 1243 4886 fortunatas
1260 4836 1409 4885 videbatur
1421 4850 1483 4886 esse
1497 4836 1657 4902 imperatam

367 4919 393 4968 ei
411 4916 568 4967 inridentes
585 4915 741 4980 pingebant
764 4916 846 4965 nrbcs
869 4916 942 4967 ultro
966 4920 995 4967 in
1019 4919 1104 4984 ipsius
1127 4920 1289 4971 dormientis
1307 4935 1420 4970 nassam
1437 4935 1468 4970 sa
1486 4921 1656 4971 induentes&
