3917 5950
377 636 644 729 XCVIlIsnvrrsur
655 677 692 713 so
704 677 822 712 ausser.
837 676 903 712 uoo.
918 677 1004 711 curer.
1020 677 1076 712 xrs.
1090 677 1125 711 ne
1140 676 1252 713 erario.
1268 671 1327 714 1518.
1341 678 1360 713 1.
1375 678 1400 713 r.
1472 648 1546 721 227

248 851 282 891 cx
305 832 414 894 morbo
436 834 569 894 omnium
591 834 718 912 pessimo
741 831 888 900 convalui,
912 839 1050 892 testatum
1065 834 1138 892 meis
1154 831 1245 892 litoris
1262 835 1440 910 qrrmroniurn
1457 844 1543 902 esset,

247 951 336 1011 quam
367 942 400 1016 ut
427 935 480 995 tibi
508 936 551 995 sio
571 935 608 996 de
630 953 693 1003 rue,
723 934 765 993 sic
787 933 824 993 de
846 930 957 1011 optirnb
980 952 1098 1014 quoque
1120 935 1225 994 merito
1248 937 1438 1013 gratificarer.
1485 938 1543 998 lam
1556 945 1599 993 tr.

248 1040 279 1095 tu
302 1034 381 1096 soles
404 1039 499 1107 cuim,
522 1038 555 1096 ut
577 1055 643 1097 eum
666 1037 745 1095 bouo
767 1042 852 1112 poeta
876 1036 984 1105 diram,

619 1156 700 1199 meas
722 1155 785 1198 esse
808 1136 915 1215 aliquid
940 1144 1043 1215 putare
1065 1123 1172 1214 nugas,
1426 1200 1438 1222 ο

220 1245 336 1317 satque
357 1240 397 1298 ita
420 1259 469 1301 me
491 1239 599 1308 babes,
622 1248 736 1299 utnon
758 1238 854 1298 solum
870 1247 918 1298 tna
934 1237 1055 1317 (liguum
1071 1237 1152 1307 aula,
1177 1238 1256 1316 quod
1272 1248 1378 1316 prceter
1394 1241 1544 1320 vulgarem

246 1341 415 1418 principum
444 1343 618 1401 seutentiam
646 1342 716 1401 satis
743 1359 892 1419 superque
920 1342 1029 1409 luerat,
1060 1341 1219 1407 existimes,
1255 1340 1307 1400 sed
1329 1361 1427 1402 meum
1455 1344 1542 1404 etiarn

246 1439 454 1520 qualecunque
484 1443 511 1502 id
541 1450 586 1503 est
614 1441 787 1519 obsequium
811 1440 898 1501 reluti
922 1459 984 1501 reru
1008 1441 1059 1501 tibi
1083 1442 1273 1501 honorificam
1297 1442 1393 1502 verbis
1416 1443 1542 1522 glcrriose

247 1544 346 1602 iactes.
400 1550 571 1620 tantumque
605 1542 689 1603 abest
722 1563 816 1603 meam
844 1542 895 1601 tibi
926 1544 1111 1619 praesentiam
1141 1561 1259 1619 gravem
1287 1543 1392 1612 rideri,
1425 1553 1457 1604 ut
1490 1547 1600 1606 niusa.

246 1643 364 1720 pulchri
388 1645 474 1704 etiarn
497 1644 606 1723 aliquid
628 1646 800 1713 accessisse,
825 1644 903 1722 qood
927 1644 1119 1704 domesticum
1135 1644 1295 1704 llutteuum
1318 1645 1441 1717 babeas,
1466 1648 1543 1707 arbi·

210 1746 345 1806 rotreris.
391 1747 457 1805 nori
480 1764 554 1825 quos
577 1745 654 1823 apud
676 1747 754 1804 riros
776 1764 833 1823 qua
857 1763 903 1804 me
932 1745 1140 1822 praedicatione
1169 1746 1322 1816 extuleris
1352 1766 1467 1807 summo
1490 1767 1543 1826 per

247 1846 397 1908 Christum
425 1847 564 1908 bonitatis
591 1854 649 1916 tuae
676 1853 866 1925 argrunento:
904 1866 939 1905 ex
970 1864 1027 1923 qua
1058 1845 1102 1905 rel
1131 1865 1186 1907 uua
1208 1848 1248 1907 're
1282 1847 1443 1926 intelligere.
1476 1847 1543 1911 licet

239 1941 357 2027 'prante
380 1950 528 2011 loctunam
550 1949 627 2010 lianc
648 1949 828 2009 humanitate
850 1956 1013 2024 temperes,
1041 1955 1069 2008 ct
1092 1956 1174 2008 tuum
1198 1947 1351 2009 consilium
1373 1969 1461 2028 quum
1484 1970 1542 2012 nou

246 2050 283 2109 sit
305 2069 428 2121 cauum,
460 2069 519 2129 quo
541 2049 695 2111 decrevisti
719 2058 750 2108 ut
771 2051 842 2109 istos
864 2057 993 2109 armatos
1015 2051 1093 2109 iuxta
1117 2058 1145 2108 te
1173 2051 1328 2126 stipatores
1350 2051 1474 2122 babere,
1503 2054 1542 2112 ita

246 2151 417 2212 hominibus
438 2151 589 2212 literatura
612 2151 742 2229 pradilis
765 2152 877 2211 cinctus
900 2157 928 2209 ct
951 2151 1111 2210 instructus
1133 2152 1201 2211 bine
1217 2169 1335 2211 auream
1352 2151 1540 2230 bloguuliam,

210 2271 237 2311 rs
247 2254 370 2313 inrictos
398 2255 483 2314 istinc
513 2254 645 2314 Saxones
672 2252 853 2331 gubernare;
885 2271 941 2312 uec
968 2259 998 2312 te
1026 2252 1122 2312 adbuc
1150 2252 1313 2329 perdidisse
1341 2254 1419 2331 quod
1442 2255 1471 2314 in
1494 2275 1540 2316 rne

245 2353 408 2415 contuleris
430 2353 538 2434 aliquid
561 2356 717 2415 existimas.
758 2355 865 2415 Verum
889 2355 946 2413 iarn
969 2353 1066 2415 adbuc
1089 2359 1291 2431 exporrectum
1315 2354 1471 2416 adversum
1494 2365 1596 2419 mett

246 2463 403 2534 utramque
425 2475 545 2523 mauron
567 2455 674 2525 habes,
698 2474 764 2516 crrnr
788 2474 843 2533 ego
865 2457 989 2515 seutiam
1012 2457 1122 2515 maiora
1145 2462 1193 2514 tua
1218 2474 1282 2517 esse
1297 2456 1436 2517 bouelicia
1453 2477 1541 2537 cpiam

245 2564 278 2617 ut
299 2555 393 2617 ullum
415 2576 515 2617 meum
537 2557 630 2635 possit
656 2556 721 2617 haec
742 2557 896 2617 demerore
919 2556 1108 2634 obsequium:
1143 2558 1181 2617 ob
1204 2557 1291 2636 idque
1314 2566 1415 2636 pctore
1437 2559 1490 2620 abs
1513 2568 1541 2622 to

244 2657 356 2738 aliquid
378 2660 423 2718 rix
447 2660 556 2730 acesim,
579 2678 670 2738 quum
694 2665 724 2721 tu
749 2677 782 2719 ea
805 2658 887 2737 prius
909 2657 1026 2718 dederis
1048 2676 1113 2737 qnae
1136 2677 1241 2738 rogare
1265 2661 1438 2721 verecundia
1463 2670 1540 2722 crat:

208 2761 319 2820 madeo
340 2761 371 2820 iu
394 2780 441 2821 me
462 2760 635 2832 liberaliter,
660 2760 790 2822 benetico
813 2761 886 2820 adeo
909 2759 1017 2819 cllundi
1040 2759 1132 2830 soles,
1155 2779 1215 2820 nou
1230 2760 1390 2822 Cardiualis
1412 2765 1540 2841 primum

244 2869 294 2922 arrt
316 2862 579 2940 Arclriepiscopus,
606 2862 658 2924 sed
687 2861 756 2922 olim
784 2863 869 2922 otiam
899 2862 945 2921 bis
973 2862 1049 2921 baud
1078 2862 1148 2921 dum
1170 2861 1364 2940 potestatibus
1389 2866 1537 2943 praeditus.

237 2962 318 3025 lliuc
347 2981 402 3043 ego
433 2981 493 3025 nou
522 2963 666 3027 exultem?
699 2964 768 3026 hinc
789 2984 837 3025 me
860 2983 919 3024 non
941 2963 1122 3025 fortunatum
1150 2964 1294 3027 iudicem?
1329 2971 1379 3024 arrt
1402 2985 1468 3026 cunr
1491 2966 1596 3030 illene.

243 3065 365 3136 dixerit,
1144 3143 1148 3150 ὁ

484 3167 670 3248 Principibus
692 3166 837 3246 placuisse
858 3168 927 3228 siris
949 3185 1009 3227 non
1032 3168 1132 3228 ultima
1155 3166 1218 3227 laus
1241 3175 1300 3238 est,

205 3288 299 3348 asrgo
320 3287 382 3330 non
405 3270 540 3331 eximiam
562 3289 658 3332 meam
674 3268 850 3331 foelicitatem
866 3288 1038 3348 agnoscam.
1062 3271 1139 3349 quod
1156 3270 1207 3328 tibi
1224 3289 1282 3329 uon
1298 3270 1424 3349 Principi
1440 3273 1538 3342 modo,

242 3372 295 3433 sed
318 3389 435 3432 summo
458 3373 559 3442 etiam,
583 3390 642 3433 riou
657 3371 803 3450 Episcopo
825 3378 951 3438 tantuur,
975 3371 1027 3432 scd
1051 3380 1079 3433 et
1100 3372 1343 3450 ,tr·‹:lriopiscopo,
1367 3373 1395 3432 id
1412 3381 1456 3433 est
1472 3375 1539 3452 upi-

241 3491 403 3552 scoporuur
423 3472 565 3551 l’rincipi,
589 3481 617 3533 ot
632 3473 795 3543 Cardiuali,
819 3474 847 3533 id
871 3480 915 3533 est
938 3493 953 3533 e
975 3474 1076 3551 paucis
1098 3475 1127 3532 in
1150 3474 1257 3553 qnilnrs
1278 3483 1417 3553 tanquam
1438 3494 1538 3537 neccs-

241 3575 327 3635 sariis
349 3574 524 3654 quibusdam
547 3574 715 3637 cardinibus
732 3575 862 3635 lluuraua
878 3576 1000 3636 vertitur
1023 3574 1160 3645 ecclesia,
1186 3577 1250 3641 uni,
1273 3576 1315 3635 sio
1338 3576 1482 3653 placeam,
1506 3585 1538 3639 ut

242 3695 291 3736 mc
314 3675 433 3754 plac-ere
454 3674 616 3754 intelligant
638 3676 738 3737 multil
771 3675 856 3747 Quod
879 3678 950 3737 laxit
972 3676 1045 3737 «leus
1068 3678 1195 3754 optimus
1222 3679 1365 3738 inaxiunrs
1393 3687 1426 3739 ut
1453 3681 1592 3745 noltiste.

205 3785 422 3858 superpetuum
444 3778 495 3846 sit,
525 3796 584 3856 quo
606 3778 721 3838 rideant
749 3778 882 3838 bomines
909 3797 963 3842 uer.
992 3780 1123 3856 ineptum
1152 3779 1240 3839 luisse
1268 3780 1325 3839 boc
1353 3787 1436 3841 tuum
1464 3783 1538 3842 iudi·

241 3879 337 3947 cium,
361 3896 417 3940 neo
439 3897 486 3939 mo
508 3879 659 3957 iudignum
682 3898 770 3958 quem
791 3886 823 3940 tu
846 3881 889 3939 sic
911 3879 1163 3958 complectereris;
1193 3899 1227 3940 ae
1248 3882 1310 3940 istis
1330 3882 1376 3941 ilia
1398 3902 1537 3962 rumpan-

240 3987 291 4041 tur
311 3979 431 4042 intlocte
453 3980 560 4050 doctis,
592 3981 641 4060 qui
663 3999 732 4050 ucis,
762 3982 812 4059 qui
835 3980 950 4048 literas,
980 4000 1039 4041 uon
1067 3989 1126 4042 torn
1154 3981 1273 4060 publico
1301 3984 1464 4044 studiorum
1493 3987 1536 4045 iu·

240 4082 399 4143 commodo
423 4100 509 4162 quam
533 4082 609 4151 loedo
632 4083 798 4160 principum
814 4082 1031 4154 Germanorum
1054 4084 1199 4144 dedecore
1220 4092 1265 4143 tot
1288 4085 1344 4143 iarn
1367 4102 1461 4144 anrrrrs
1483 4087 1536 4145 irn-

241 4202 320 4262 pune
343 4191 576 4263 persequuntur:
611 4182 727 4261 quando
753 4184 804 4244 tibi
833 4203 936 4256 aureS,
968 4186 1019 4246 tibi
1048 4186 1149 4248 oculos
1179 4205 1243 4247 osso
1271 4185 1422 4254 ridebunt,
1453 4206 1536 4246 suam

206 4293 407 4346 asextreruum
431 4284 589 4363 periclitari
611 4285 792 4354 barbariem,
822 4305 854 4346 se
876 4295 908 4347 ut
933 4289 1071 4366 ignarum
1098 4306 1204 4365 pactu,
1235 4286 1414 4363 praelaturos
1442 4289 1534 4357 lrrcos,

239 4387 268 4447 id
291 4395 335 4448 ost
357 4404 418 4447 uon
440 4383 580 4446 inutiliter
602 4393 714 4447 notun
736 4388 898 4458 studiosos,
927 4390 978 4450 secl
1001 4390 1164 4450 studiorum
1187 4388 1283 4449 adiuro
1312 4389 1489 4466 pernicicm,
1519 4409 1535 4449 a

291 4639 313 4674 ·¹
334 4641 440 4691 littoris
454 4640 481 4690 0.
495 4639 620 4707 elabique
634 4643 691 4692 Μ.
756 4640 879 4708 ³poetn]
893 4642 995 4692 Catull.
1009 4643 1031 4692 Ι.
1043 4643 1067 4692 4.
1132 4640 1322 4706 tpolcriso.
1389 4641 1408 4675 ¹¹
1426 4643 1534 4696 littera--

240 4732 299 4777 turn
313 4727 415 4779 (aaa.
470 4723 492 4757 ¹⁷
504 4740 584 4791 quum
597 4727 662 4795 udiq.
678 4731 770 4778 8...10.
826 4726 846 4759 ¹⁹
859 4724 950 4792 quarn]
965 4734 1001 4776 tto
1012 4729 1036 4777 b.
1050 4732 1066 4778 1,
1080 4744 1172 4784 ornnes.
1218 4727 1239 4761 ²¹
1254 4726 1486 4794 orclriepyl'eopus
1498 4731 1533 4781 B.

240 4809 522 4864 ”euutrem8...ro.
593 4811 650 4879 ille]
664 4816 762 4864 Horat.
776 4814 858 4879 epist.
872 4813 894 4861 Ι.
913 4813 949 4873 17,
964 4812 1006 4863 35,
1035 4860 1042 4872 ,
1070 4812 1092 4844 ²⁵
1111 4813 1276 4863 felicitatem
1291 4818 1381 4863 7..‚10.
1417 4813 1439 4846 ²⁸
1472 4817 1535 4875 ,uni

240 4897 356 4949 sieAB.
373 4898 468 4947 8...1o.
537 4894 557 4928 ³¹
578 4899 771 4963 complecteris
785 4899 848 4949 BE.
865 4902 954 4948 imit).
1020 4897 1042 4930 ³²
1059 4898 1243 4950 litterosBC.
1259 4903 1331 4951 S...9.
1393 4899 1533 4966 ³⁵pereli-

241 4984 289 5033 tori
302 4983 336 5034 B.
410 4982 571 5033 borboreim
586 4983 616 5033 1).
632 4987 656 5034 d.

1243 5068 1308 5132 15*
