<?xml version="1.0" encoding="UTF-8"?>
<!DOCTYPE html PUBLIC "-//W3C//DTD XHTML 1.0 Transitional//EN"
    "http://www.w3.org/TR/xhtml1/DTD/xhtml1-transitional.dtd">
<html xmlns="http://www.w3.org/1999/xhtml" xml:lang="en" lang="en">
 <head>
  <title>
</title>
<meta http-equiv="Content-Type" content="text/html;charset=utf-8" />
  <meta name='ocr-system' content='tesseract 3.04.00' />
  <meta name='ocr-capabilities' content='ocr_page ocr_carea ocr_par ocr_line ocrx_word'/>
</head>
<body>
  <div class='ocr_page' id='page_1' title='image "./ulrichihuttenie07huttgoog_0310.png"; bbox 0 0 3917 5950; ppageno 0'>
   <div class='ocr_carea' id='block_1_1' title="bbox 418 591 1513 680">
    <p class='ocr_par' dir='ltr' id='par_1_1' title="bbox 418 591 1513 680">
     <span class='ocr_line' id='line_1_1' title="bbox 418 591 1513 680; baseline -0.003 -19"><span class='ocrx_word' id='word_1_1' title='bbox 418 591 487 661; x_wconf 68' lang='lat'>182</span> <span class='ocrx_word' id='word_1_2' title='bbox 593 604 760 655; x_wconf 79' lang='lat' dir='ltr'>Lxxxnn.</span> <span class='ocrx_word' id='word_1_3' title='bbox 775 620 903 680; x_wconf 23' lang='lat' dir='ltr'>triveram</span> <span class='ocrx_word' id='word_1_4' title='bbox 918 619 954 654; x_wconf 84' lang='lat' dir='ltr'>no</span> <span class='ocrx_word' id='word_1_5' title='bbox 968 621 1080 655; x_wconf 88' lang='lat' dir='ltr'>caorvu</span> <span class='ocrx_word' id='word_1_6' title='bbox 1093 621 1122 656; x_wconf 84' lang='lat' dir='ltr'>ru</span> <span class='ocrx_word' id='word_1_7' title='bbox 1137 621 1265 656; x_wconf 67' lang='lat' dir='ltr'>usurus!</span> <span class='ocrx_word' id='word_1_8' title='bbox 1278 621 1433 659; x_wconf 68' lang='lat' dir='ltr'>usurario.</span> <span class='ocrx_word' id='word_1_9' title='bbox 1455 617 1513 658; x_wconf 72' lang='lat'>1518.</span> 
     </span>
    </p>
   </div>
   <div class='ocr_carea' id='block_1_2' title="bbox 347 774 1749 3799">
    <p class='ocr_par' dir='ltr' id='par_1_2' title="bbox 347 774 1749 3799">
     <span class='ocr_line' id='line_1_2' title="bbox 415 774 1712 857; baseline 0.002 -22"><span class='ocrx_word' id='word_1_10' title='bbox 415 776 585 855; x_wconf 90' lang='lat' dir='ltr'>posteritas,</span> <span class='ocrx_word' id='word_1_11' title='bbox 618 775 667 853; x_wconf 91' lang='lat' dir='ltr'>qui</span> <span class='ocrx_word' id='word_1_12' title='bbox 695 774 875 836; x_wconf 80' lang='lat' dir='ltr'>descendere</span> <span class='ocrx_word' id='word_1_13' title='bbox 904 795 972 837; x_wconf 89' lang='lat' dir='ltr'>eum</span> <span class='ocrx_word' id='word_1_14' title='bbox 991 774 1040 837; x_wconf 92' lang='lat' dir='ltr'>his</span> <span class='ocrx_word' id='word_1_15' title='bbox 1062 778 1092 836; x_wconf 94' lang='lat' dir='ltr'>in</span> <span class='ocrx_word' id='word_1_16' title='bbox 1115 777 1207 837; x_wconf 89' lang='lat' dir='ltr'>aciem</span> <span class='ocrx_word' id='word_1_17' title='bbox 1229 795 1263 837; x_wconf 91' lang='lat' dir='ltr'>ac</span> <span class='ocrx_word' id='word_1_18' title='bbox 1285 795 1413 856; x_wconf 87' lang='lat' dir='ltr'>pugnam</span> <span class='ocrx_word' id='word_1_19' title='bbox 1436 797 1593 857; x_wconf 77' lang='lat' dir='ltr'>capessere</span> <span class='ocrx_word' id='word_1_20' title='bbox 1622 798 1712 839; x_wconf 87' lang='lat' dir='ltr'>ausus</span> 
     </span>
     <span class='ocr_line' id='line_1_3' title="bbox 415 875 1710 959; baseline 0.002 -22"><span class='ocrx_word' id='word_1_21' title='bbox 415 879 465 956; x_wconf 85' lang='lat' dir='ltr'>sit,</span> <span class='ocrx_word' id='word_1_22' title='bbox 489 884 518 936; x_wconf 87' lang='lat' dir='ltr'>et</span> <span class='ocrx_word' id='word_1_23' title='bbox 539 877 612 935; x_wconf 92' lang='lat' dir='ltr'>mira</span> <span class='ocrx_word' id='word_1_24' title='bbox 636 875 692 934; x_wconf 90' lang='lat' dir='ltr'>hoe</span> <span class='ocrx_word' id='word_1_25' title='bbox 715 876 875 946; x_wconf 82' lang='lat' dir='ltr'>lcclieitate,</span> <span class='ocrx_word' id='word_1_26' title='bbox 898 885 1006 955; x_wconf 81' lang='lat' dir='ltr'>praeter</span> <span class='ocrx_word' id='word_1_27' title='bbox 1028 879 1158 938; x_wconf 89' lang='lat' dir='ltr'>omnium</span> <span class='ocrx_word' id='word_1_28' title='bbox 1182 879 1363 956; x_wconf 85' lang='lat' dir='ltr'>opinionem:</span> <span class='ocrx_word' id='word_1_29' title='bbox 1391 882 1441 959; x_wconf 91' lang='lat' dir='ltr'>qui</span> <span class='ocrx_word' id='word_1_30' title='bbox 1463 882 1547 958; x_wconf 87' lang='lat' dir='ltr'>siqua</span> <span class='ocrx_word' id='word_1_31' title='bbox 1571 881 1647 940; x_wconf 85' lang='lat' dir='ltr'>sorte</span> <span class='ocrx_word' id='word_1_32' title='bbox 1668 879 1710 939; x_wconf 91' lang='lat' dir='ltr'>la·</span> 
     </span>
     <span class='ocr_line' id='line_1_4' title="bbox 417 977 1710 1046; baseline 0.002 -8"><span class='ocrx_word' id='word_1_33' title='bbox 417 977 569 1046; x_wconf 90' lang='lat' dir='ltr'>borasset,</span> <span class='ocrx_word' id='word_1_34' title='bbox 591 984 662 1036; x_wconf 90' lang='lat' dir='ltr'>tunc</span> <span class='ocrx_word' id='word_1_35' title='bbox 684 996 750 1037; x_wconf 89' lang='lat' dir='ltr'>eum</span> <span class='ocrx_word' id='word_1_36' title='bbox 773 977 871 1038; x_wconf 92' lang='lat' dir='ltr'>multis</span> <span class='ocrx_word' id='word_1_37' title='bbox 886 998 1042 1040; x_wconf 89' lang='lat' dir='ltr'>commune</span> <span class='ocrx_word' id='word_1_38' title='bbox 1057 981 1128 1041; x_wconf 89' lang='lat' dir='ltr'>mihi</span> <span class='ocrx_word' id='word_1_39' title='bbox 1143 981 1244 1041; x_wconf 77' lang='lat' dir='ltr'>fnisset</span> <span class='ocrx_word' id='word_1_40' title='bbox 1258 981 1316 1042; x_wconf 90' lang='lat' dir='ltr'>hoe</span> <span class='ocrx_word' id='word_1_41' title='bbox 1331 981 1423 1042; x_wconf 91' lang='lat' dir='ltr'>Nihil:</span> <span class='ocrx_word' id='word_1_42' title='bbox 1447 983 1544 1042; x_wconf 91' lang='lat' dir='ltr'>omnia</span> <span class='ocrx_word' id='word_1_43' title='bbox 1564 982 1710 1044; x_wconf 82' lang='lat' dir='ltr'>debentur</span> 
     </span>
     <span class='ocr_line' id='line_1_5' title="bbox 417 1077 1710 1161; baseline 0.004 -23"><span class='ocrx_word' id='word_1_44' title='bbox 417 1077 611 1138; x_wconf 81' lang='lat' dir='ltr'>llarimiliano</span> <span class='ocrx_word' id='word_1_45' title='bbox 633 1078 773 1157; x_wconf 81' lang='lat' dir='ltr'>principi,</span> <span class='ocrx_word' id='word_1_46' title='bbox 797 1081 846 1157; x_wconf 93' lang='lat' dir='ltr'>qui</span> <span class='ocrx_word' id='word_1_47' title='bbox 865 1101 897 1141; x_wconf 94' lang='lat' dir='ltr'>se</span> <span class='ocrx_word' id='word_1_48' title='bbox 913 1081 1077 1142; x_wconf 88' lang='lat' dir='ltr'>lucentibus</span> <span class='ocrx_word' id='word_1_49' title='bbox 1092 1085 1243 1160; x_wconf 90' lang='lat' dir='ltr'>opposuit,</span> <span class='ocrx_word' id='word_1_50' title='bbox 1265 1102 1325 1143; x_wconf 93' lang='lat' dir='ltr'>non</span> <span class='ocrx_word' id='word_1_51' title='bbox 1340 1101 1444 1161; x_wconf 89' lang='lat' dir='ltr'>passus</span> <span class='ocrx_word' id='word_1_52' title='bbox 1459 1084 1550 1144; x_wconf 81' lang='lat' dir='ltr'>everti</span> <span class='ocrx_word' id='word_1_53' title='bbox 1566 1084 1710 1161; x_wconf 88' lang='lat' dir='ltr'>optimum</span> 
     </span>
     <span class='ocr_line' id='line_1_6' title="bbox 347 1180 1734 1263; baseline 0.001 -22"><span class='ocrx_word' id='word_1_54' title='bbox 347 1181 511 1249; x_wconf 67' lang='lat' dir='ltr'>§.esurum</span> <span class='ocrx_word' id='word_1_55' title='bbox 535 1186 563 1240; x_wconf 90' lang='lat' dir='ltr'>et</span> <span class='ocrx_word' id='word_1_56' title='bbox 585 1180 622 1240; x_wconf 94' lang='lat' dir='ltr'>de</span> <span class='ocrx_word' id='word_1_57' title='bbox 643 1180 701 1240; x_wconf 89' lang='lat' dir='ltr'>hoc</span> <span class='ocrx_word' id='word_1_58' title='bbox 722 1182 846 1259; x_wconf 90' lang='lat' dir='ltr'>imperio</span> <span class='ocrx_word' id='word_1_59' title='bbox 868 1185 929 1243; x_wconf 89' lang='lat' dir='ltr'>suis</span> <span class='ocrx_word' id='word_1_60' title='bbox 949 1182 1076 1244; x_wconf 89' lang='lat' dir='ltr'>consiliis</span> <span class='ocrx_word' id='word_1_61' title='bbox 1091 1203 1202 1263; x_wconf 89' lang='lat' dir='ltr'>suaque</span> <span class='ocrx_word' id='word_1_62' title='bbox 1217 1185 1357 1246; x_wconf 89' lang='lat' dir='ltr'>industria</span> <span class='ocrx_word' id='word_1_63' title='bbox 1373 1186 1416 1245; x_wconf 91' lang='lat' dir='ltr'>sic</span> <span class='ocrx_word' id='word_1_64' title='bbox 1430 1185 1579 1244; x_wconf 92' lang='lat' dir='ltr'>meritum.</span> <span class='ocrx_word' id='word_1_65' title='bbox 1619 1185 1734 1244; x_wconf 74' lang='lat' dir='ltr'>Secusa</span> 
     </span>
     <span class='ocr_line' id='line_1_7' title="bbox 415 1279 1709 1364; baseline 0.003 -24"><span class='ocrx_word' id='word_1_66' title='bbox 415 1279 611 1358; x_wconf 72' lang='lat' dir='ltr'>Theologistte</span> <span class='ocrx_word' id='word_1_67' title='bbox 626 1281 843 1344; x_wconf 86' lang='lat' dir='ltr'>l‘arrlrisienses</span> <span class='ocrx_word' id='word_1_68' title='bbox 865 1285 1044 1355; x_wconf 88' lang='lat' dir='ltr'>iudicarunt,</span> <span class='ocrx_word' id='word_1_69' title='bbox 1067 1303 1119 1345; x_wconf 92' lang='lat' dir='ltr'>sua</span> <span class='ocrx_word' id='word_1_70' title='bbox 1141 1287 1267 1346; x_wconf 81' lang='lat' dir='ltr'>marium</span> <span class='ocrx_word' id='word_1_71' title='bbox 1290 1287 1406 1346; x_wconf 89' lang='lat' dir='ltr'>insamia</span> <span class='ocrx_word' id='word_1_72' title='bbox 1422 1304 1535 1364; x_wconf 91' lang='lat' dir='ltr'>suoque</span> <span class='ocrx_word' id='word_1_73' title='bbox 1552 1284 1709 1345; x_wconf 89' lang='lat' dir='ltr'>dedecore.</span> 
     </span>
     <span class='ocr_line' id='line_1_8' title="bbox 416 1381 1712 1465; baseline 0.004 -24"><span class='ocrx_word' id='word_1_74' title='bbox 416 1381 501 1452; x_wconf 85' lang='lat' dir='ltr'>Quod</span> <span class='ocrx_word' id='word_1_75' title='bbox 524 1383 690 1443; x_wconf 77' lang='lat' dir='ltr'>recordanti</span> <span class='ocrx_word' id='word_1_76' title='bbox 713 1385 782 1445; x_wconf 91' lang='lat' dir='ltr'>mihi</span> <span class='ocrx_word' id='word_1_77' title='bbox 805 1387 882 1447; x_wconf 91' lang='lat' dir='ltr'>subit</span> <span class='ocrx_word' id='word_1_78' title='bbox 904 1387 973 1465; x_wconf 89' lang='lat' dir='ltr'>qnid</span> <span class='ocrx_word' id='word_1_79' title='bbox 1004 1388 1033 1445; x_wconf 90' lang='lat' dir='ltr'>in</span> <span class='ocrx_word' id='word_1_80' title='bbox 1055 1385 1248 1447; x_wconf 82' lang='lat' dir='ltr'>Christianam</span> <span class='ocrx_word' id='word_1_81' title='bbox 1277 1386 1449 1464; x_wconf 83' lang='lat' dir='ltr'>religionem</span> <span class='ocrx_word' id='word_1_82' title='bbox 1475 1387 1619 1446; x_wconf 71' lang='lat' dir='ltr'>icu&#39;ererit</span> <span class='ocrx_word' id='word_1_83' title='bbox 1647 1387 1712 1446; x_wconf 80' lang='lat' dir='ltr'>hacc</span> 
     </span>
     <span class='ocr_line' id='line_1_9' title="bbox 415 1486 1711 1566; baseline 0.003 -23"><span class='ocrx_word' id='word_1_84' title='bbox 415 1491 615 1544; x_wconf 81' lang='lat' dir='ltr'>trecentorum</span> <span class='ocrx_word' id='word_1_85' title='bbox 638 1503 782 1545; x_wconf 89' lang='lat' dir='ltr'>annorum</span> <span class='ocrx_word' id='word_1_86' title='bbox 804 1486 966 1566; x_wconf 84' lang='lat' dir='ltr'>theologia:</span> <span class='ocrx_word' id='word_1_87' title='bbox 990 1496 1144 1566; x_wconf 88' lang='lat' dir='ltr'>postquam</span> <span class='ocrx_word' id='word_1_88' title='bbox 1168 1489 1245 1549; x_wconf 87' lang='lat' dir='ltr'>enim</span> <span class='ocrx_word' id='word_1_89' title='bbox 1267 1489 1427 1548; x_wconf 83' lang='lat' dir='ltr'>(bscessum</span> <span class='ocrx_word' id='word_1_90' title='bbox 1444 1495 1488 1547; x_wconf 90' lang='lat' dir='ltr'>est</span> <span class='ocrx_word' id='word_1_91' title='bbox 1503 1487 1539 1548; x_wconf 88' lang='lat' dir='ltr'>ab</span> <span class='ocrx_word' id='word_1_92' title='bbox 1555 1486 1604 1547; x_wconf 92' lang='lat' dir='ltr'>illa</span> <span class='ocrx_word' id='word_1_93' title='bbox 1620 1489 1711 1547; x_wconf 85' lang='lat' dir='ltr'>reteri</span> 
     </span>
     <span class='ocr_line' id='line_1_10' title="bbox 416 1588 1712 1668; baseline 0.003 -24"><span class='ocrx_word' id='word_1_94' title='bbox 416 1594 445 1644; x_wconf 92' lang='lat' dir='ltr'>et</span> <span class='ocrx_word' id='word_1_95' title='bbox 467 1603 620 1663; x_wconf 89' lang='lat' dir='ltr'>germana,</span> <span class='ocrx_word' id='word_1_96' title='bbox 643 1594 705 1646; x_wconf 91' lang='lat' dir='ltr'>tum</span> <span class='ocrx_word' id='word_1_97' title='bbox 728 1607 797 1648; x_wconf 88' lang='lat' dir='ltr'>rero</span> <span class='ocrx_word' id='word_1_98' title='bbox 820 1608 887 1649; x_wconf 76' lang='lat' dir='ltr'>cerm</span> <span class='ocrx_word' id='word_1_99' title='bbox 910 1589 1014 1649; x_wconf 90' lang='lat' dir='ltr'>studiis</span> <span class='ocrx_word' id='word_1_100' title='bbox 1036 1588 1190 1649; x_wconf 84' lang='lat' dir='ltr'>declinavit</span> <span class='ocrx_word' id='word_1_101' title='bbox 1210 1588 1296 1650; x_wconf 92' lang='lat' dir='ltr'>simul</span> <span class='ocrx_word' id='word_1_102' title='bbox 1311 1588 1428 1668; x_wconf 85' lang='lat' dir='ltr'>religio,</span> <span class='ocrx_word' id='word_1_103' title='bbox 1451 1608 1485 1650; x_wconf 89' lang='lat' dir='ltr'>ae</span> <span class='ocrx_word' id='word_1_104' title='bbox 1500 1588 1547 1649; x_wconf 90' lang='lat' dir='ltr'>illa</span> <span class='ocrx_word' id='word_1_105' title='bbox 1565 1590 1712 1650; x_wconf 86' lang='lat' dir='ltr'>increbuit</span> 
     </span>
     <span class='ocr_line' id='line_1_11' title="bbox 416 1687 1746 1769; baseline 0.005 -24"><span class='ocrx_word' id='word_1_106' title='bbox 416 1687 547 1746; x_wconf 90' lang='lat' dir='ltr'>omnium</span> <span class='ocrx_word' id='word_1_107' title='bbox 568 1689 694 1764; x_wconf 90' lang='lat' dir='ltr'>pestium</span> <span class='ocrx_word' id='word_1_108' title='bbox 718 1689 951 1766; x_wconf 86' lang='lat' dir='ltr'>pestilentissima</span> <span class='ocrx_word' id='word_1_109' title='bbox 973 1691 1155 1769; x_wconf 86' lang='lat' dir='ltr'>superstitio,</span> <span class='ocrx_word' id='word_1_110' title='bbox 1179 1709 1244 1769; x_wconf 79' lang='lat' dir='ltr'>qum</span> <span class='ocrx_word' id='word_1_111' title='bbox 1266 1709 1317 1752; x_wconf 91' lang='lat' dir='ltr'>sua</span> <span class='ocrx_word' id='word_1_112' title='bbox 1341 1690 1462 1768; x_wconf 88' lang='lat' dir='ltr'>caligine</span> <span class='ocrx_word' id='word_1_113' title='bbox 1484 1691 1531 1750; x_wconf 86' lang='lat' dir='ltr'>ita·</span> <span class='ocrx_word' id='word_1_114' title='bbox 1543 1710 1646 1751; x_wconf 85' lang='lat' dir='ltr'>rerum</span> <span class='ocrx_word' id='word_1_115' title='bbox 1662 1691 1711 1750; x_wconf 94' lang='lat' dir='ltr'>dei</span> <span class='ocrx_word' id='word_1_116' title='bbox 1723 1713 1746 1751; x_wconf 85' lang='lat' dir='ltr'>ro</span> 
     </span>
     <span class='ocr_line' id='line_1_12' title="bbox 417 1786 1712 1870; baseline 0.002 -22"><span class='ocrx_word' id='word_1_117' title='bbox 417 1786 527 1848; x_wconf 89' lang='lat' dir='ltr'>cultum</span> <span class='ocrx_word' id='word_1_118' title='bbox 551 1789 717 1859; x_wconf 78' lang='lat' dir='ltr'>infuscant,</span> <span class='ocrx_word' id='word_1_119' title='bbox 748 1798 779 1851; x_wconf 90' lang='lat' dir='ltr'>ut</span> <span class='ocrx_word' id='word_1_120' title='bbox 800 1793 913 1852; x_wconf 88' lang='lat' dir='ltr'>nescias</span> <span class='ocrx_word' id='word_1_121' title='bbox 935 1791 1041 1852; x_wconf 83' lang='lat' dir='ltr'>Christi</span> <span class='ocrx_word' id='word_1_122' title='bbox 1063 1794 1120 1852; x_wconf 92' lang='lat' dir='ltr'>sint</span> <span class='ocrx_word' id='word_1_123' title='bbox 1143 1811 1208 1870; x_wconf 77' lang='lat' dir='ltr'>quae</span> <span class='ocrx_word' id='word_1_124' title='bbox 1230 1792 1368 1853; x_wconf 83' lang='lat' dir='ltr'>observas</span> <span class='ocrx_word' id='word_1_125' title='bbox 1390 1791 1494 1861; x_wconf 90' lang='lat' dir='ltr'>multa,</span> <span class='ocrx_word' id='word_1_126' title='bbox 1528 1810 1565 1850; x_wconf 94' lang='lat' dir='ltr'>an</span> <span class='ocrx_word' id='word_1_127' title='bbox 1588 1791 1712 1850; x_wconf 87' lang='lat' dir='ltr'>alicuius</span> 
     </span>
     <span class='ocr_line' id='line_1_13' title="bbox 349 1889 1711 1971; baseline 0.001 -21"><span class='ocrx_word' id='word_1_128' title='bbox 349 1889 484 1956; x_wconf 72' lang='lat' dir='ltr'>§.sonori</span> <span class='ocrx_word' id='word_1_129' title='bbox 513 1889 573 1958; x_wconf 90' lang='lat' dir='ltr'>dei,</span> <span class='ocrx_word' id='word_1_130' title='bbox 603 1891 653 1969; x_wconf 92' lang='lat' dir='ltr'>qui</span> <span class='ocrx_word' id='word_1_131' title='bbox 680 1890 737 1951; x_wconf 89' lang='lat' dir='ltr'>hoc</span> <span class='ocrx_word' id='word_1_132' title='bbox 764 1893 819 1952; x_wconf 90' lang='lat' dir='ltr'>sihi</span> <span class='ocrx_word' id='word_1_133' title='bbox 845 1895 979 1954; x_wconf 83' lang='lat' dir='ltr'>vendicet</span> <span class='ocrx_word' id='word_1_134' title='bbox 1006 1893 1140 1955; x_wconf 88' lang='lat' dir='ltr'>ultimum</span> <span class='ocrx_word' id='word_1_135' title='bbox 1168 1895 1270 1955; x_wconf 91' lang='lat' dir='ltr'>mundi</span> <span class='ocrx_word' id='word_1_136' title='bbox 1298 1902 1422 1971; x_wconf 90' lang='lat' dir='ltr'>tempus.</span> <span class='ocrx_word' id='word_1_137' title='bbox 1474 1892 1711 1952; x_wconf 86' lang='lat' dir='ltr'>Habent-tamen</span> 
     </span>
     <span class='ocr_line' id='line_1_14' title="bbox 418 1991 1713 2073; baseline 0.005 -27"><span class='ocrx_word' id='word_1_138' title='bbox 418 1991 613 2067; x_wconf 89' lang='lat' dir='ltr'>pessimorum</span> <span class='ocrx_word' id='word_1_139' title='bbox 636 1991 779 2054; x_wconf 88' lang='lat' dir='ltr'>librorum</span> <span class='ocrx_word' id='word_1_140' title='bbox 802 2012 925 2073; x_wconf 86' lang='lat' dir='ltr'>magnos</span> <span class='ocrx_word' id='word_1_141' title='bbox 946 2014 1082 2064; x_wconf 83' lang='lat' dir='ltr'>acervos;</span> <span class='ocrx_word' id='word_1_142' title='bbox 1110 2015 1144 2056; x_wconf 86' lang='lat' dir='ltr'>ae</span> <span class='ocrx_word' id='word_1_143' title='bbox 1167 1996 1236 2057; x_wconf 92' lang='lat' dir='ltr'>dum</span> <span class='ocrx_word' id='word_1_144' title='bbox 1259 1997 1330 2055; x_wconf 88' lang='lat' dir='ltr'>istos</span> <span class='ocrx_word' id='word_1_145' title='bbox 1352 1994 1502 2073; x_wconf 83' lang='lat' dir='ltr'>negligunt</span> <span class='ocrx_word' id='word_1_146' title='bbox 1524 1995 1660 2071; x_wconf 90' lang='lat' dir='ltr'>antiquos</span> <span class='ocrx_word' id='word_1_147' title='bbox 1683 2002 1713 2052; x_wconf 90' lang='lat' dir='ltr'>et</span> 
     </span>
     <span class='ocr_line' id='line_1_15' title="bbox 419 2093 1712 2176; baseline 0.002 -25"><span class='ocrx_word' id='word_1_148' title='bbox 419 2099 499 2152; x_wconf 87' lang='lat' dir='ltr'>recte</span> <span class='ocrx_word' id='word_1_149' title='bbox 521 2093 624 2152; x_wconf 91' lang='lat' dir='ltr'>doctos</span> <span class='ocrx_word' id='word_1_150' title='bbox 646 2101 780 2172; x_wconf 77' lang='lat' dir='ltr'>autores,</span> <span class='ocrx_word' id='word_1_151' title='bbox 804 2097 832 2155; x_wconf 94' lang='lat' dir='ltr'>in</span> <span class='ocrx_word' id='word_1_152' title='bbox 856 2098 901 2157; x_wconf 87' lang='lat' dir='ltr'>his</span> <span class='ocrx_word' id='word_1_153' title='bbox 923 2105 1076 2159; x_wconf 77' lang='lat' dir='ltr'>versantur</span> <span class='ocrx_word' id='word_1_154' title='bbox 1097 2099 1297 2176; x_wconf 91' lang='lat' dir='ltr'>nugamentis,</span> <span class='ocrx_word' id='word_1_155' title='bbox 1320 2105 1349 2159; x_wconf 91' lang='lat' dir='ltr'>et</span> <span class='ocrx_word' id='word_1_156' title='bbox 1370 2098 1399 2157; x_wconf 94' lang='lat' dir='ltr'>in</span> <span class='ocrx_word' id='word_1_157' title='bbox 1417 2097 1632 2172; x_wconf 88' lang='lat' dir='ltr'>seripturarum</span> <span class='ocrx_word' id='word_1_158' title='bbox 1647 2113 1712 2153; x_wconf 88' lang='lat' dir='ltr'>sor-</span> 
     </span>
     <span class='ocr_line' id='line_1_16' title="bbox 349 2193 1749 2276; baseline 0.001 -22"><span class='ocrx_word' id='word_1_159' title='bbox 349 2193 503 2261; x_wconf 73' lang='lat' dir='ltr'>§.ordibus</span> <span class='ocrx_word' id='word_1_160' title='bbox 525 2214 585 2255; x_wconf 92' lang='lat' dir='ltr'>non</span> <span class='ocrx_word' id='word_1_161' title='bbox 608 2207 693 2258; x_wconf 82' lang='lat' dir='ltr'>secus</span> <span class='ocrx_word' id='word_1_162' title='bbox 715 2217 749 2258; x_wconf 91' lang='lat' dir='ltr'>ac</span> <span class='ocrx_word' id='word_1_163' title='bbox 771 2200 800 2257; x_wconf 95' lang='lat' dir='ltr'>iu</span> <span class='ocrx_word' id='word_1_164' title='bbox 822 2197 884 2260; x_wconf 90' lang='lat' dir='ltr'>luto</span> <span class='ocrx_word' id='word_1_165' title='bbox 906 2199 1072 2260; x_wconf 74' lang='lat' dir='ltr'>scarabaeus</span> <span class='ocrx_word' id='word_1_166' title='bbox 1093 2199 1275 2260; x_wconf 84' lang='lat' dir='ltr'>deliciantur.</span> <span class='ocrx_word' id='word_1_167' title='bbox 1320 2198 1421 2276; x_wconf 88' lang='lat' dir='ltr'>Neque</span> <span class='ocrx_word' id='word_1_168' title='bbox 1449 2204 1519 2257; x_wconf 90' lang='lat' dir='ltr'>tunc</span> <span class='ocrx_word' id='word_1_169' title='bbox 1534 2196 1618 2258; x_wconf 87' lang='lat' dir='ltr'>vilius</span> <span class='ocrx_word' id='word_1_170' title='bbox 1639 2198 1712 2275; x_wconf 89' lang='lat' dir='ltr'>quid</span> <span class='ocrx_word' id='word_1_171' title='bbox 1726 2218 1749 2256; x_wconf 84' lang='lat' dir='ltr'>n</span> 
     </span>
     <span class='ocr_line' id='line_1_17' title="bbox 417 2298 1712 2380; baseline 0.002 -26"><span class='ocrx_word' id='word_1_172' title='bbox 417 2299 525 2357; x_wconf 90' lang='lat' dir='ltr'>nostris</span> <span class='ocrx_word' id='word_1_173' title='bbox 547 2299 650 2359; x_wconf 88' lang='lat' dir='ltr'>studiis</span> <span class='ocrx_word' id='word_1_174' title='bbox 672 2308 797 2360; x_wconf 87' lang='lat' dir='ltr'>tractare</span> <span class='ocrx_word' id='word_1_175' title='bbox 820 2319 852 2360; x_wconf 90' lang='lat' dir='ltr'>se</span> <span class='ocrx_word' id='word_1_176' title='bbox 873 2308 991 2378; x_wconf 89' lang='lat' dir='ltr'>putant,</span> <span class='ocrx_word' id='word_1_177' title='bbox 1025 2303 1138 2380; x_wconf 90' lang='lat' dir='ltr'>quoties</span> <span class='ocrx_word' id='word_1_178' title='bbox 1167 2319 1222 2379; x_wconf 91' lang='lat' dir='ltr'>pro</span> <span class='ocrx_word' id='word_1_179' title='bbox 1249 2301 1389 2360; x_wconf 87' lang='lat' dir='ltr'>concione</span> <span class='ocrx_word' id='word_1_180' title='bbox 1411 2298 1560 2360; x_wconf 89' lang='lat' dir='ltr'>sordidam</span> <span class='ocrx_word' id='word_1_181' title='bbox 1584 2298 1712 2378; x_wconf 87' lang='lat' dir='ltr'>aliquam</span> 
     </span>
     <span class='ocr_line' id='line_1_18' title="bbox 417 2388 1712 2481; baseline 0.002 -25"><span class='ocrx_word' id='word_1_182' title='bbox 417 2397 545 2459; x_wconf 80' lang='lat' dir='ltr'>tabulam</span> <span class='ocrx_word' id='word_1_183' title='bbox 567 2409 617 2460; x_wconf 90' lang='lat' dir='ltr'>aut</span> <span class='ocrx_word' id='word_1_184' title='bbox 639 2401 714 2461; x_wconf 87' lang='lat' dir='ltr'>arrile</span> <span class='ocrx_word' id='word_1_185' title='bbox 737 2402 975 2469; x_wconf 89' lang='lat' dir='ltr'>deliramentum,</span> <span class='ocrx_word' id='word_1_186' title='bbox 998 2401 1076 2481; x_wconf 84' lang='lat' dir='ltr'>rnlgi</span> <span class='ocrx_word' id='word_1_187' title='bbox 1099 2402 1270 2463; x_wconf 86' lang='lat' dir='ltr'>credulitate</span> <span class='ocrx_word' id='word_1_188' title='bbox 1293 2388 1388 2470; x_wconf 71' lang='lat' dir='ltr'>aluisi,</span> <span class='ocrx_word' id='word_1_189' title='bbox 1418 2399 1610 2460; x_wconf 85' lang='lat' dir='ltr'>deblaterant.</span> <span class='ocrx_word' id='word_1_190' title='bbox 1655 2400 1712 2469; x_wconf 67' lang='lat' dir='ltr'>dtu</span> 
     </span>
     <span class='ocr_line' id='line_1_19' title="bbox 417 2501 1713 2583; baseline 0 -24"><span class='ocrx_word' id='word_1_191' title='bbox 417 2518 485 2559; x_wconf 91' lang='lat' dir='ltr'>cum</span> <span class='ocrx_word' id='word_1_192' title='bbox 507 2501 580 2579; x_wconf 89' lang='lat' dir='ltr'>tales</span> <span class='ocrx_word' id='word_1_193' title='bbox 601 2505 673 2572; x_wconf 91' lang='lat' dir='ltr'>sint,</span> <span class='ocrx_word' id='word_1_194' title='bbox 708 2504 846 2583; x_wconf 86' lang='lat' dir='ltr'>qrdcquid</span> <span class='ocrx_word' id='word_1_195' title='bbox 867 2511 965 2564; x_wconf 77' lang='lat' dir='ltr'>tanmn</span> <span class='ocrx_word' id='word_1_196' title='bbox 991 2512 1071 2565; x_wconf 80' lang='lat' dir='ltr'>extra</span> <span class='ocrx_word' id='word_1_197' title='bbox 1100 2523 1183 2565; x_wconf 79' lang='lat' dir='ltr'>stram</span> <span class='ocrx_word' id='word_1_198' title='bbox 1213 2504 1335 2564; x_wconf 91' lang='lat' dir='ltr'>sarinam</span> <span class='ocrx_word' id='word_1_199' title='bbox 1363 2509 1420 2571; x_wconf 90' lang='lat' dir='ltr'>est,</span> <span class='ocrx_word' id='word_1_200' title='bbox 1455 2508 1647 2561; x_wconf 80' lang='lat' dir='ltr'>conterminat</span> <span class='ocrx_word' id='word_1_201' title='bbox 1677 2520 1713 2560; x_wconf 87' lang='lat' dir='ltr'>ac.</span> 
     </span>
     <span class='ocr_line' id='line_1_20' title="bbox 417 2605 1712 2684; baseline 0.001 -24"><span class='ocrx_word' id='word_1_202' title='bbox 417 2610 625 2678; x_wconf 81' lang='lat' dir='ltr'>aspernantur:</span> <span class='ocrx_word' id='word_1_203' title='bbox 660 2624 786 2684; x_wconf 82' lang='lat' dir='ltr'>cunique</span> <span class='ocrx_word' id='word_1_204' title='bbox 814 2608 944 2666; x_wconf 91' lang='lat' dir='ltr'>omnium</span> <span class='ocrx_word' id='word_1_205' title='bbox 973 2605 1156 2666; x_wconf 90' lang='lat' dir='ltr'>insulsissimi</span> <span class='ocrx_word' id='word_1_206' title='bbox 1186 2606 1255 2674; x_wconf 91' lang='lat' dir='ltr'>sint,</span> <span class='ocrx_word' id='word_1_207' title='bbox 1285 2623 1335 2665; x_wconf 91' lang='lat' dir='ltr'>eos</span> <span class='ocrx_word' id='word_1_208' title='bbox 1362 2610 1459 2663; x_wconf 71' lang='lat' dir='ltr'>marien</span> <span class='ocrx_word' id='word_1_209' title='bbox 1489 2621 1553 2663; x_wconf 89' lang='lat' dir='ltr'>esse</span> <span class='ocrx_word' id='word_1_210' title='bbox 1580 2621 1613 2663; x_wconf 90' lang='lat' dir='ltr'>se</span> <span class='ocrx_word' id='word_1_211' title='bbox 1641 2621 1712 2662; x_wconf 90' lang='lat' dir='ltr'>con·</span> 
     </span>
     <span class='ocr_line' id='line_1_21' title="bbox 348 2703 1748 2783; baseline -0.001 -21"><span class='ocrx_word' id='word_1_212' title='bbox 348 2722 406 2771; x_wconf 74' lang='lat' dir='ltr'>§.aa</span> <span class='ocrx_word' id='word_1_213' title='bbox 418 2703 556 2774; x_wconf 87' lang='lat' dir='ltr'>tendunt,</span> <span class='ocrx_word' id='word_1_214' title='bbox 591 2705 698 2783; x_wconf 89' lang='lat' dir='ltr'>quilms</span> <span class='ocrx_word' id='word_1_215' title='bbox 720 2706 810 2768; x_wconf 89' lang='lat' dir='ltr'>semel</span> <span class='ocrx_word' id='word_1_216' title='bbox 833 2708 965 2769; x_wconf 83' lang='lat' dir='ltr'>Christus</span> <span class='ocrx_word' id='word_1_217' title='bbox 989 2710 1059 2769; x_wconf 80' lang='lat' dir='ltr'>dixit</span> <span class='ocrx_word' id='word_1_218' title='bbox 1094 2706 1162 2765; x_wconf 81' lang='lat' dir='ltr'>‘Vos</span> <span class='ocrx_word' id='word_1_219' title='bbox 1184 2707 1252 2767; x_wconf 90' lang='lat' dir='ltr'>estis</span> <span class='ocrx_word' id='word_1_220' title='bbox 1274 2705 1317 2766; x_wconf 91' lang='lat' dir='ltr'>sal</span> <span class='ocrx_word' id='word_1_221' title='bbox 1338 2705 1443 2766; x_wconf 86' lang='lat' dir='ltr'>terrae&#39;.</span> <span class='ocrx_word' id='word_1_222' title='bbox 1488 2722 1580 2782; x_wconf 91' lang='lat' dir='ltr'>quare</span> <span class='ocrx_word' id='word_1_223' title='bbox 1608 2712 1637 2762; x_wconf 90' lang='lat' dir='ltr'>et</span> <span class='ocrx_word' id='word_1_224' title='bbox 1665 2720 1748 2763; x_wconf 71' lang='lat' dir='ltr'>saro</span> 
     </span>
     <span class='ocr_line' id='line_1_22' title="bbox 416 2804 1713 2888; baseline -0.002 -24"><span class='ocrx_word' id='word_1_225' title='bbox 416 2806 532 2882; x_wconf 87' lang='lat' dir='ltr'>pientes</span> <span class='ocrx_word' id='word_1_226' title='bbox 554 2808 634 2868; x_wconf 91' lang='lat' dir='ltr'>credi</span> <span class='ocrx_word' id='word_1_227' title='bbox 657 2807 758 2870; x_wconf 89' lang='lat' dir='ltr'>rolunt</span> <span class='ocrx_word' id='word_1_228' title='bbox 779 2829 813 2869; x_wconf 87' lang='lat' dir='ltr'>ao</span> <span class='ocrx_word' id='word_1_229' title='bbox 836 2809 974 2888; x_wconf 90' lang='lat' dir='ltr'>apostolis</span> <span class='ocrx_word' id='word_1_230' title='bbox 998 2809 1134 2888; x_wconf 89' lang='lat' dir='ltr'>quicquid</span> <span class='ocrx_word' id='word_1_231' title='bbox 1158 2808 1227 2868; x_wconf 93' lang='lat' dir='ltr'>olim</span> <span class='ocrx_word' id='word_1_232' title='bbox 1250 2808 1350 2868; x_wconf 89' lang='lat' dir='ltr'>datum</span> <span class='ocrx_word' id='word_1_233' title='bbox 1374 2814 1429 2875; x_wconf 89' lang='lat' dir='ltr'>est,</span> <span class='ocrx_word' id='word_1_234' title='bbox 1451 2807 1516 2866; x_wconf 90' lang='lat' dir='ltr'>iuro</span> <span class='ocrx_word' id='word_1_235' title='bbox 1531 2804 1713 2865; x_wconf 87' lang='lat' dir='ltr'>hereditario</span> 
     </span>
     <span class='ocr_line' id='line_1_23' title="bbox 416 2907 1712 2992; baseline -0.001 -26"><span class='ocrx_word' id='word_1_236' title='bbox 416 2907 453 2967; x_wconf 93' lang='lat' dir='ltr'>ad</span> <span class='ocrx_word' id='word_1_237' title='bbox 475 2926 507 2967; x_wconf 93' lang='lat' dir='ltr'>se</span> <span class='ocrx_word' id='word_1_238' title='bbox 529 2910 663 2980; x_wconf 91' lang='lat' dir='ltr'>trahunt,</span> <span class='ocrx_word' id='word_1_239' title='bbox 693 2918 722 2969; x_wconf 90' lang='lat' dir='ltr'>et</span> <span class='ocrx_word' id='word_1_240' title='bbox 744 2912 772 2970; x_wconf 93' lang='lat' dir='ltr'>in</span> <span class='ocrx_word' id='word_1_241' title='bbox 796 2911 1029 2990; x_wconf 90' lang='lat' dir='ltr'>compellationis</span> <span class='ocrx_word' id='word_1_242' title='bbox 1051 2913 1221 2992; x_wconf 74' lang='lat' dir='ltr'>praelatione</span> <span class='ocrx_word' id='word_1_243' title='bbox 1244 2911 1382 2989; x_wconf 81' lang='lat' dir='ltr'>‘Magistri</span> <span class='ocrx_word' id='word_1_244' title='bbox 1404 2908 1505 2968; x_wconf 84' lang='lat' dir='ltr'>uostri&#39;</span> <span class='ocrx_word' id='word_1_245' title='bbox 1528 2907 1603 2966; x_wconf 91' lang='lat' dir='ltr'>mira</span> <span class='ocrx_word' id='word_1_246' title='bbox 1625 2914 1653 2965; x_wconf 92' lang='lat' dir='ltr'>et</span> <span class='ocrx_word' id='word_1_247' title='bbox 1667 2907 1712 2965; x_wconf 92' lang='lat' dir='ltr'>iu-</span> 
     </span>
     <span class='ocr_line' id='line_1_24' title="bbox 416 3008 1713 3094; baseline -0.002 -23"><span class='ocrx_word' id='word_1_248' title='bbox 416 3011 513 3071; x_wconf 91' lang='lat' dir='ltr'>audita</span> <span class='ocrx_word' id='word_1_249' title='bbox 536 3012 694 3074; x_wconf 88' lang='lat' dir='ltr'>ambitione</span> <span class='ocrx_word' id='word_1_250' title='bbox 716 3015 772 3074; x_wconf 93' lang='lat' dir='ltr'>dici</span> <span class='ocrx_word' id='word_1_251' title='bbox 796 3016 937 3093; x_wconf 85' lang='lat' dir='ltr'>gestiunt;</span> <span class='ocrx_word' id='word_1_252' title='bbox 966 3017 1042 3075; x_wconf 89' lang='lat' dir='ltr'>sorte</span> <span class='ocrx_word' id='word_1_253' title='bbox 1068 3016 1134 3094; x_wconf 91' lang='lat' dir='ltr'>quia</span> <span class='ocrx_word' id='word_1_254' title='bbox 1164 3014 1362 3074; x_wconf 84' lang='lat' dir='ltr'>consessiones</span> <span class='ocrx_word' id='word_1_255' title='bbox 1390 3011 1511 3071; x_wconf 89' lang='lat' dir='ltr'>audiunt</span> <span class='ocrx_word' id='word_1_256' title='bbox 1534 3028 1567 3068; x_wconf 92' lang='lat' dir='ltr'>ac</span> <span class='ocrx_word' id='word_1_257' title='bbox 1590 3008 1713 3068; x_wconf 88' lang='lat' dir='ltr'>consilia</span> 
     </span>
     <span class='ocr_line' id='line_1_25' title="bbox 417 3112 1714 3196; baseline -0.002 -24"><span class='ocrx_word' id='word_1_258' title='bbox 417 3131 520 3191; x_wconf 88' lang='lat' dir='ltr'>regum</span> <span class='ocrx_word' id='word_1_259' title='bbox 544 3122 573 3174; x_wconf 91' lang='lat' dir='ltr'>et</span> <span class='ocrx_word' id='word_1_260' title='bbox 595 3115 760 3195; x_wconf 90' lang='lat' dir='ltr'>principum</span> <span class='ocrx_word' id='word_1_261' title='bbox 784 3117 929 3186; x_wconf 89' lang='lat' dir='ltr'>ediscunt,</span> <span class='ocrx_word' id='word_1_262' title='bbox 953 3117 1060 3177; x_wconf 86' lang='lat' dir='ltr'>deirule</span> <span class='ocrx_word' id='word_1_263' title='bbox 1083 3116 1321 3177; x_wconf 88' lang='lat' dir='ltr'>muliercularum</span> <span class='ocrx_word' id='word_1_264' title='bbox 1344 3131 1462 3196; x_wconf 87' lang='lat' dir='ltr'>quoqne</span> <span class='ocrx_word' id='word_1_265' title='bbox 1484 3117 1598 3170; x_wconf 87' lang='lat' dir='ltr'>secreta</span> <span class='ocrx_word' id='word_1_266' title='bbox 1626 3112 1714 3170; x_wconf 77' lang='lat' dir='ltr'>acinus</span> 
     </span>
     <span class='ocr_line' id='line_1_26' title="bbox 418 3213 1747 3295; baseline -0.006 -21"><span class='ocrx_word' id='word_1_267' title='bbox 418 3216 499 3276; x_wconf 82' lang='lat' dir='ltr'>aride</span> <span class='ocrx_word' id='word_1_268' title='bbox 522 3218 681 3286; x_wconf 92' lang='lat' dir='ltr'>rimantur,</span> <span class='ocrx_word' id='word_1_269' title='bbox 715 3227 747 3279; x_wconf 91' lang='lat' dir='ltr'>ut</span> <span class='ocrx_word' id='word_1_270' title='bbox 769 3238 801 3279; x_wconf 94' lang='lat' dir='ltr'>se</span> <span class='ocrx_word' id='word_1_271' title='bbox 823 3219 930 3278; x_wconf 85' lang='lat' dir='ltr'>iccirco</span> <span class='ocrx_word' id='word_1_272' title='bbox 952 3218 1019 3295; x_wconf 91' lang='lat' dir='ltr'>plus</span> <span class='ocrx_word' id='word_1_273' title='bbox 1045 3217 1182 3277; x_wconf 90' lang='lat' dir='ltr'>omnibns</span> <span class='ocrx_word' id='word_1_274' title='bbox 1209 3235 1314 3294; x_wconf 90' lang='lat' dir='ltr'>sapere</span> <span class='ocrx_word' id='word_1_275' title='bbox 1342 3215 1475 3281; x_wconf 88' lang='lat' dir='ltr'>credant,</span> <span class='ocrx_word' id='word_1_276' title='bbox 1509 3220 1538 3271; x_wconf 91' lang='lat' dir='ltr'>et</span> <span class='ocrx_word' id='word_1_277' title='bbox 1566 3230 1626 3270; x_wconf 93' lang='lat' dir='ltr'>non</span> <span class='ocrx_word' id='word_1_278' title='bbox 1654 3213 1747 3271; x_wconf 80' lang='lat' dir='ltr'>hri-aa</span> 
     </span>
     <span class='ocr_line' id='line_1_27' title="bbox 419 3313 1709 3397; baseline -0.002 -23"><span class='ocrx_word' id='word_1_279' title='bbox 419 3318 523 3376; x_wconf 89' lang='lat' dir='ltr'>merito</span> <span class='ocrx_word' id='word_1_280' title='bbox 545 3337 561 3377; x_wconf 93' lang='lat' dir='ltr'>a</span> <span class='ocrx_word' id='word_1_281' title='bbox 584 3319 732 3397; x_wconf 87' lang='lat' dir='ltr'>discipulis</span> <span class='ocrx_word' id='word_1_282' title='bbox 755 3320 913 3397; x_wconf 78' lang='lat' dir='ltr'>magistri,</span> <span class='ocrx_word' id='word_1_283' title='bbox 937 3339 952 3379; x_wconf 91' lang='lat' dir='ltr'>a</span> <span class='ocrx_word' id='word_1_284' title='bbox 975 3319 1041 3379; x_wconf 82' lang='lat' dir='ltr'>siliis</span> <span class='ocrx_word' id='word_1_285' title='bbox 1064 3318 1180 3397; x_wconf 87' lang='lat' dir='ltr'>‘patres&#39;</span> <span class='ocrx_word' id='word_1_286' title='bbox 1203 3318 1288 3396; x_wconf 89' lang='lat' dir='ltr'>(proh</span> <span class='ocrx_word' id='word_1_287' title='bbox 1311 3316 1416 3394; x_wconf 88' lang='lat' dir='ltr'>pudor)</span> <span class='ocrx_word' id='word_1_288' title='bbox 1439 3313 1613 3373; x_wconf 81' lang='lat' dir='ltr'>salmonum.</span> <span class='ocrx_word' id='word_1_289' title='bbox 1651 3330 1709 3391; x_wconf 91' lang='lat' dir='ltr'>qua</span> 
     </span>
     <span class='ocr_line' id='line_1_28' title="bbox 348 3415 1713 3498; baseline -0.004 -21"><span class='ocrx_word' id='word_1_290' title='bbox 348 3429 407 3477; x_wconf 75' lang='lat' dir='ltr'>tao.</span> <span class='ocrx_word' id='word_1_291' title='bbox 419 3418 456 3477; x_wconf 94' lang='lat' dir='ltr'>de</span> <span class='ocrx_word' id='word_1_292' title='bbox 478 3437 511 3478; x_wconf 86' lang='lat' dir='ltr'>re</span> <span class='ocrx_word' id='word_1_293' title='bbox 534 3421 739 3481; x_wconf 82' lang='lat' dir='ltr'>facetissimam</span> <span class='ocrx_word' id='word_1_294' title='bbox 761 3430 792 3482; x_wconf 93' lang='lat' dir='ltr'>tn</span> <span class='ocrx_word' id='word_1_295' title='bbox 816 3421 885 3481; x_wconf 91' lang='lat' dir='ltr'>olim</span> <span class='ocrx_word' id='word_1_296' title='bbox 908 3421 943 3481; x_wconf 92' lang='lat' dir='ltr'>ad</span> <span class='ocrx_word' id='word_1_297' title='bbox 966 3440 1014 3481; x_wconf 92' lang='lat' dir='ltr'>mc</span> <span class='ocrx_word' id='word_1_298' title='bbox 1038 3419 1198 3498; x_wconf 88' lang='lat' dir='ltr'>epistolam.</span> <span class='ocrx_word' id='word_1_299' title='bbox 1248 3417 1305 3479; x_wconf 82' lang='lat' dir='ltr'>Sed</span> <span class='ocrx_word' id='word_1_300' title='bbox 1335 3416 1405 3495; x_wconf 92' lang='lat' dir='ltr'>quid</span> <span class='ocrx_word' id='word_1_301' title='bbox 1434 3432 1488 3493; x_wconf 90' lang='lat' dir='ltr'>ego</span> <span class='ocrx_word' id='word_1_302' title='bbox 1516 3415 1594 3482; x_wconf 76' lang='lat' dir='ltr'>baec,</span> <span class='ocrx_word' id='word_1_303' title='bbox 1629 3415 1713 3492; x_wconf 89' lang='lat' dir='ltr'>quasi</span> 
     </span>
     <span class='ocr_line' id='line_1_29' title="bbox 354 3515 1712 3603; baseline 0 -30"><span class='ocrx_word' id='word_1_304' title='bbox 354 3570 356 3572; x_wconf 73' lang='grc'><strong>,</strong></span> <span class='ocrx_word' id='word_1_305' title='bbox 383 3525 399 3603; x_wconf 25' lang='grc' dir='ltr'>Ἰ</span> <span class='ocrx_word' id='word_1_306' title='bbox 418 3517 474 3577; x_wconf 86' lang='lat' dir='ltr'>hoe</span> <span class='ocrx_word' id='word_1_307' title='bbox 497 3526 629 3596; x_wconf 91' lang='lat' dir='ltr'>tempore</span> <span class='ocrx_word' id='word_1_308' title='bbox 651 3522 793 3600; x_wconf 87' lang='lat' dir='ltr'>Theologi</span> <span class='ocrx_word' id='word_1_309' title='bbox 816 3541 874 3582; x_wconf 94' lang='lat' dir='ltr'>uon</span> <span class='ocrx_word' id='word_1_310' title='bbox 898 3523 972 3582; x_wconf 78' lang='lat' dir='ltr'>sint?</span> <span class='ocrx_word' id='word_1_311' title='bbox 1003 3522 1134 3590; x_wconf 84' lang='lat' dir='ltr'>Minime;</span> <span class='ocrx_word' id='word_1_312' title='bbox 1163 3522 1214 3582; x_wconf 90' lang='lat' dir='ltr'>sed</span> <span class='ocrx_word' id='word_1_313' title='bbox 1237 3519 1315 3599; x_wconf 93' lang='lat' dir='ltr'>quod</span> <span class='ocrx_word' id='word_1_314' title='bbox 1339 3526 1398 3577; x_wconf 88' lang='lat' dir='ltr'>taur</span> <span class='ocrx_word' id='word_1_315' title='bbox 1420 3515 1502 3576; x_wconf 89' lang='lat' dir='ltr'>nihili</span> <span class='ocrx_word' id='word_1_316' title='bbox 1524 3516 1660 3576; x_wconf 87' lang='lat' dir='ltr'>homines</span> <span class='ocrx_word' id='word_1_317' title='bbox 1682 3516 1712 3574; x_wconf 90' lang='lat' dir='ltr'>in</span> 
     </span>
     <span class='ocr_line' id='line_1_30' title="bbox 416 3616 1712 3700; baseline -0.002 -23"><span class='ocrx_word' id='word_1_318' title='bbox 416 3620 616 3695; x_wconf 88' lang='lat' dir='ltr'>apostolorum</span> <span class='ocrx_word' id='word_1_319' title='bbox 637 3621 735 3683; x_wconf 90' lang='lat' dir='ltr'>locum</span> <span class='ocrx_word' id='word_1_320' title='bbox 763 3625 935 3693; x_wconf 87' lang='lat' dir='ltr'>succedant,</span> <span class='ocrx_word' id='word_1_321' title='bbox 965 3625 994 3684; x_wconf 93' lang='lat' dir='ltr'>in</span> <span class='ocrx_word' id='word_1_322' title='bbox 1024 3625 1086 3684; x_wconf 92' lang='lat' dir='ltr'>eius</span> <span class='ocrx_word' id='word_1_323' title='bbox 1116 3624 1159 3682; x_wconf 91' lang='lat' dir='ltr'>rei</span> <span class='ocrx_word' id='word_1_324' title='bbox 1186 3622 1387 3700; x_wconf 88' lang='lat' dir='ltr'>indignitatem</span> <span class='ocrx_word' id='word_1_325' title='bbox 1415 3617 1519 3696; x_wconf 87' lang='lat' dir='ltr'>aliquis</span> <span class='ocrx_word' id='word_1_326' title='bbox 1539 3616 1634 3677; x_wconf 89' lang='lat' dir='ltr'>Nemo</span> <span class='ocrx_word' id='word_1_327' title='bbox 1662 3636 1712 3676; x_wconf 86' lang='lat' dir='ltr'>ex-</span> 
     </span>
     <span class='ocr_line' id='line_1_31' title="bbox 416 3720 1745 3799; baseline -0.002 -21"><span class='ocrx_word' id='word_1_328' title='bbox 416 3720 544 3781; x_wconf 91' lang='lat' dir='ltr'>clamare</span> <span class='ocrx_word' id='word_1_329' title='bbox 566 3730 662 3799; x_wconf 88' lang='lat' dir='ltr'>potest</span> <span class='ocrx_word' id='word_1_330' title='bbox 684 3727 780 3785; x_wconf 91' lang='lat' dir='ltr'>omnia</span> <span class='ocrx_word' id='word_1_331' title='bbox 803 3728 921 3796; x_wconf 82' lang='lat' dir='ltr'>incerti,</span> <span class='ocrx_word' id='word_1_332' title='bbox 945 3727 1042 3786; x_wconf 90' lang='lat' dir='ltr'>omnia</span> <span class='ocrx_word' id='word_1_333' title='bbox 1066 3724 1205 3785; x_wconf 79' lang='lat' dir='ltr'>corisundi</span> <span class='ocrx_word' id='word_1_334' title='bbox 1228 3730 1256 3784; x_wconf 92' lang='lat' dir='ltr'>et</span> <span class='ocrx_word' id='word_1_335' title='bbox 1278 3722 1412 3789; x_wconf 89' lang='lat' dir='ltr'>misceri,</span> <span class='ocrx_word' id='word_1_336' title='bbox 1442 3720 1540 3779; x_wconf 84' lang='lat' dir='ltr'>omnia</span> <span class='ocrx_word' id='word_1_337' title='bbox 1569 3737 1655 3780; x_wconf 87' lang='lat' dir='ltr'>secus</span> <span class='ocrx_word' id='word_1_338' title='bbox 1677 3734 1745 3777; x_wconf 84' lang='lat' dir='ltr'>acac</span> 
     </span>
    </p>
   </div>
   <div class='ocr_carea' id='block_1_3' title="bbox 412 3905 1711 4993">
    <p class='ocr_par' dir='ltr' id='par_1_3' title="bbox 412 3905 1711 4993">
     <span class='ocr_line' id='line_1_32' title="bbox 483 3905 1710 3974; baseline -0.005 -15"><span class='ocrx_word' id='word_1_339' title='bbox 483 3910 656 3960; x_wconf 81' lang='lat' dir='ltr'>²solicitata</span> <span class='ocrx_word' id='word_1_340' title='bbox 677 3913 773 3961; x_wconf 62' lang='lat' dir='ltr'>[aad.</span> <span class='ocrx_word' id='word_1_341' title='bbox 843 3911 1085 3963; x_wconf 80' lang='lat' dir='ltr'>¹ltlaximilienus</span> <span class='ocrx_word' id='word_1_342' title='bbox 1103 3908 1204 3960; x_wconf 82' lang='lat' dir='ltr'>Caesar.</span> <span class='ocrx_word' id='word_1_343' title='bbox 1228 3911 1353 3974; x_wconf 66' lang='lat' dir='ltr'>ruurpd).</span> <span class='ocrx_word' id='word_1_344' title='bbox 1427 3905 1633 3955; x_wconf 78' lang='lat' dir='ltr'>⁰Parisieuses</span> <span class='ocrx_word' id='word_1_345' title='bbox 1652 3908 1710 3954; x_wconf 81' lang='lat' dir='ltr'>5.t&#39;.</span> 
     </span>
     <span class='ocr_line' id='line_1_33' title="bbox 415 3991 1711 4063; baseline -0.005 -18"><span class='ocrx_word' id='word_1_346' title='bbox 415 3995 632 4062; x_wconf 81' lang='lat' dir='ltr'>l&#39;arrhisienses]</span> <span class='ocrx_word' id='word_1_347' title='bbox 651 3999 829 4048; x_wconf 85' lang='lat' dir='ltr'>Dominieani</span> <span class='ocrx_word' id='word_1_348' title='bbox 849 3998 994 4063; x_wconf 87' lang='lat' dir='ltr'>Speculum</span> <span class='ocrx_word' id='word_1_349' title='bbox 1013 3995 1123 4046; x_wconf 86' lang='lat' dir='ltr'>oculare</span> <span class='ocrx_word' id='word_1_350' title='bbox 1141 3994 1290 4044; x_wconf 80' lang='lat' dir='ltr'>lteuchliui</span> <span class='ocrx_word' id='word_1_351' title='bbox 1309 4010 1334 4042; x_wconf 86' lang='lat' dir='ltr'>a.</span> <span class='ocrx_word' id='word_1_352' title='bbox 1350 3991 1423 4042; x_wconf 76' lang='lat'>1514.</span> <span class='ocrx_word' id='word_1_353' title='bbox 1448 3991 1711 4041; x_wconf 81' lang='lat' dir='ltr'>condemnaverant.</span> 
     </span>
     <span class='ocr_line' id='line_1_34' title="bbox 415 4076 1711 4143; baseline -0.007 -11"><span class='ocrx_word' id='word_1_354' title='bbox 415 4080 506 4143; x_wconf 81' lang='lat' dir='ltr'>„Acta</span> <span class='ocrx_word' id='word_1_355' title='bbox 524 4081 665 4131; x_wconf 88' lang='lat' dir='ltr'>doctorum</span> <span class='ocrx_word' id='word_1_356' title='bbox 684 4083 915 4132; x_wconf 83' lang='lat' dir='ltr'>I’arrhisiensium</span> <span class='ocrx_word' id='word_1_357' title='bbox 934 4084 967 4131; x_wconf 88' lang='lat' dir='ltr'>de</span> <span class='ocrx_word' id='word_1_358' title='bbox 987 4080 1177 4131; x_wconf 81' lang='lat' dir='ltr'>saeratissimo</span> <span class='ocrx_word' id='word_1_359' title='bbox 1197 4078 1335 4128; x_wconf 80' lang='lat' dir='ltr'>saerrltate</span> <span class='ocrx_word' id='word_1_360' title='bbox 1354 4076 1514 4142; x_wconf 68' lang='lat' dir='ltr'>theoLogiea</span> <span class='ocrx_word' id='word_1_361' title='bbox 1527 4111 1534 4123; x_wconf 89' lang='lat'>.</span> <span class='ocrx_word' id='word_1_362' title='bbox 1549 4112 1555 4125; x_wconf 95' lang='lat'>.</span> <span class='ocrx_word' id='word_1_363' title='bbox 1571 4112 1577 4124; x_wconf 93' lang='lat'>.</span> <span class='ocrx_word' id='word_1_364' title='bbox 1593 4112 1600 4125; x_wconf 90' lang='lat'><em>.</em></span> <span class='ocrx_word' id='word_1_365' title='bbox 1616 4082 1711 4124; x_wconf 87' lang='lat' dir='ltr'>eontra</span> 
     </span>
     <span class='ocr_line' id='line_1_35' title="bbox 416 4156 1710 4232; baseline -0.005 -17"><span class='ocrx_word' id='word_1_366' title='bbox 416 4166 563 4232; x_wconf 84' lang='lat' dir='ltr'>Speculum</span> <span class='ocrx_word' id='word_1_367' title='bbox 583 4166 694 4216; x_wconf 85' lang='lat' dir='ltr'>oculare</span> <span class='ocrx_word' id='word_1_368' title='bbox 709 4168 747 4216; x_wconf 90' lang='lat' dir='ltr'>lo.</span> <span class='ocrx_word' id='word_1_369' title='bbox 761 4167 897 4216; x_wconf 80' lang='lat' dir='ltr'>Retrchliu</span> <span class='ocrx_word' id='word_1_370' title='bbox 910 4166 1076 4216; x_wconf 82' lang='lat' dir='ltr'>l&#39;horceusis</span> <span class='ocrx_word' id='word_1_371' title='bbox 1089 4181 1143 4214; x_wconf 77' lang='lat' dir='ltr'>arua</span> <span class='ocrx_word' id='word_1_372' title='bbox 1157 4179 1218 4214; x_wconf 90' lang='lat' dir='ltr'>eum</span> <span class='ocrx_word' id='word_1_373' title='bbox 1236 4156 1377 4213; x_wconf 75' lang='lat' dir='ltr'>sententia</span> <span class='ocrx_word' id='word_1_374' title='bbox 1397 4161 1519 4211; x_wconf 89' lang='lat' dir='ltr'>eiusdem</span> <span class='ocrx_word' id='word_1_375' title='bbox 1538 4159 1629 4208; x_wconf 92' lang='lat' dir='ltr'>libelli</span> <span class='ocrx_word' id='word_1_376' title='bbox 1649 4176 1710 4210; x_wconf 90' lang='lat' dir='ltr'>cou-</span> 
     </span>
     <span class='ocr_line' id='line_1_36' title="bbox 415 4244 1711 4317; baseline -0.005 -19"><span class='ocrx_word' id='word_1_377' title='bbox 415 4251 575 4302; x_wconf 84' lang='lat' dir='ltr'>demnativa</span> <span class='ocrx_word' id='word_1_378' title='bbox 595 4251 629 4300; x_wconf 88' lang='lat' dir='ltr'>ad</span> <span class='ocrx_word' id='word_1_379' title='bbox 649 4252 757 4317; x_wconf 68' lang='lat' dir='ltr'>igneam*</span> <span class='ocrx_word' id='word_1_380' title='bbox 778 4252 897 4302; x_wconf 73' lang='lat' dir='ltr'>Coloniae</span> <span class='ocrx_word' id='word_1_381' title='bbox 916 4268 941 4300; x_wconf 83' lang='lat' dir='ltr'>a.</span> <span class='ocrx_word' id='word_1_382' title='bbox 952 4250 1026 4300; x_wconf 76' lang='lat'>1514.</span> <span class='ocrx_word' id='word_1_383' title='bbox 1045 4253 1073 4299; x_wconf 95' lang='lat' dir='ltr'>in</span> <span class='ocrx_word' id='word_1_384' title='bbox 1091 4249 1127 4298; x_wconf 79' lang='lat'>4⁰.</span> <span class='ocrx_word' id='word_1_385' title='bbox 1147 4249 1235 4298; x_wconf 87' lang='lat' dir='ltr'>edidit</span> <span class='ocrx_word' id='word_1_386' title='bbox 1253 4248 1441 4298; x_wconf 85' lang='lat' dir='ltr'>Theodericus</span> <span class='ocrx_word' id='word_1_387' title='bbox 1459 4245 1493 4294; x_wconf 91' lang='lat' dir='ltr'>de</span> <span class='ocrx_word' id='word_1_388' title='bbox 1513 4244 1624 4303; x_wconf 75' lang='lat' dir='ltr'>(locide,</span> <span class='ocrx_word' id='word_1_389' title='bbox 1646 4245 1711 4293; x_wconf 82' lang='lat' dir='ltr'>Cor-</span> 
     </span>
     <span class='ocr_line' id='line_1_37' title="bbox 414 4326 1711 4401; baseline -0.007 -16"><span class='ocrx_word' id='word_1_390' title='bbox 414 4336 512 4385; x_wconf 84' lang='lat' dir='ltr'>melita</span> <span class='ocrx_word' id='word_1_391' title='bbox 532 4336 716 4387; x_wconf 82' lang='lat' dir='ltr'>Coloniensis.</span> <span class='ocrx_word' id='word_1_392' title='bbox 782 4334 967 4401; x_wconf 78' lang='lat' dir='ltr'>Theologistru</span> <span class='ocrx_word' id='word_1_393' title='bbox 979 4332 1191 4384; x_wconf 85' lang='lat' dir='ltr'>Parrhisrenses.</span> <span class='ocrx_word' id='word_1_394' title='bbox 1211 4335 1331 4398; x_wconf 72' lang='lat' dir='ltr'>moer).</span> <span class='ocrx_word' id='word_1_395' title='bbox 1395 4328 1580 4392; x_wconf 79' lang='lat' dir='ltr'>¹Theologiu</span> <span class='ocrx_word' id='word_1_396' title='bbox 1598 4326 1711 4396; x_wconf 81' lang='lat' dir='ltr'>Scotiea</span> 
     </span>
     <span class='ocr_line' id='line_1_38' title="bbox 415 4410 1710 4487; baseline -0.007 -17"><span class='ocrx_word' id='word_1_397' title='bbox 415 4426 444 4470; x_wconf 91' lang='lat' dir='ltr'>et</span> <span class='ocrx_word' id='word_1_398' title='bbox 462 4422 614 4472; x_wconf 87' lang='lat' dir='ltr'>Oceanica.</span> <span class='ocrx_word' id='word_1_399' title='bbox 634 4424 753 4487; x_wconf 67' lang='lat' dir='ltr'>uturpb.</span> <span class='ocrx_word' id='word_1_400' title='bbox 834 4420 1173 4470; x_wconf 73' lang='lat' dir='ltr'>¹Germuna,4...c,&#39;.5.n.</span> <span class='ocrx_word' id='word_1_401' title='bbox 1252 4416 1445 4482; x_wconf 52' lang='lat' dir='ltr'>&amp;sumpla</span> <span class='ocrx_word' id='word_1_402' title='bbox 1528 4410 1710 4477; x_wconf 82' lang='lat' dir='ltr'>¹¹¹Supstitio.</span> 
     </span>
     <span class='ocr_line' id='line_1_39' title="bbox 414 4498 1709 4570; baseline -0.005 -16"><span class='ocrx_word' id='word_1_403' title='bbox 414 4523 493 4570; x_wconf 81' lang='lat' dir='ltr'>rrrarp.</span> <span class='ocrx_word' id='word_1_404' title='bbox 507 4509 537 4555; x_wconf 85' lang='grc' dir='ltr'>Ι).</span> <span class='ocrx_word' id='word_1_405' title='bbox 593 4506 613 4538; x_wconf 89' lang='lat'>¹²</span> <span class='ocrx_word' id='word_1_406' title='bbox 632 4508 826 4557; x_wconf 55' lang='lat' dir='ltr'>vindicatae.</span> <span class='ocrx_word' id='word_1_407' title='bbox 892 4504 913 4537; x_wconf 87' lang='lat'>¹³</span> <span class='ocrx_word' id='word_1_408' title='bbox 931 4502 1101 4570; x_wconf 83' lang='lat' dir='ltr'>Ineptissrmi</span> <span class='ocrx_word' id='word_1_409' title='bbox 1119 4503 1193 4554; x_wconf 87' lang='lat' dir='ltr'>libri.</span> <span class='ocrx_word' id='word_1_410' title='bbox 1211 4503 1332 4566; x_wconf 69' lang='lat' dir='ltr'>cumps).</span> <span class='ocrx_word' id='word_1_411' title='bbox 1401 4498 1537 4562; x_wconf 76' lang='lat' dir='ltr'>Antiquos</span> <span class='ocrx_word' id='word_1_412' title='bbox 1555 4498 1709 4564; x_wconf 81' lang='lat' dir='ltr'>negligunt</span> 
     </span>
     <span class='ocr_line' id='line_1_40' title="bbox 414 4584 1708 4653; baseline -0.006 -15"><span class='ocrx_word' id='word_1_413' title='bbox 414 4593 535 4653; x_wconf 76' lang='lat' dir='ltr'>marpll.</span> <span class='ocrx_word' id='word_1_414' title='bbox 615 4589 634 4621; x_wconf 84' lang='lat'>¹¹</span> <span class='ocrx_word' id='word_1_415' title='bbox 659 4593 789 4643; x_wconf 83' lang='lat' dir='ltr'>acrthores</span> <span class='ocrx_word' id='word_1_416' title='bbox 807 4592 840 4640; x_wconf 83' lang='lat' dir='ltr'>B.</span> <span class='ocrx_word' id='word_1_417' title='bbox 920 4590 941 4623; x_wconf 77' lang='lat'>¹⁵</span> <span class='ocrx_word' id='word_1_418' title='bbox 963 4589 1121 4640; x_wconf 86' lang='lat' dir='ltr'>Scarabcus</span> <span class='ocrx_word' id='word_1_419' title='bbox 1138 4589 1218 4639; x_wconf 80' lang='grc' dir='ltr'><em>ΑΟΙ).</em></span> <span class='ocrx_word' id='word_1_420' title='bbox 1292 4584 1313 4618; x_wconf 80' lang='lat'>¹⁸</span> <span class='ocrx_word' id='word_1_421' title='bbox 1337 4585 1557 4648; x_wconf 82' lang='lat' dir='ltr'>Coutemptores.</span> <span class='ocrx_word' id='word_1_422' title='bbox 1574 4584 1708 4647; x_wconf 67' lang='lat' dir='ltr'>ruorpll.</span> 
     </span>
     <span class='ocr_line' id='line_1_41' title="bbox 415 4667 1708 4740; baseline -0.007 -17"><span class='ocrx_word' id='word_1_423' title='bbox 415 4673 437 4706; x_wconf 76' lang='lat'>²⁰</span> <span class='ocrx_word' id='word_1_424' title='bbox 455 4672 534 4738; x_wconf 86' lang='lat' dir='ltr'>dixit]</span> <span class='ocrx_word' id='word_1_425' title='bbox 548 4677 656 4738; x_wconf 82' lang='lat' dir='ltr'>Evang.</span> <span class='ocrx_word' id='word_1_426' title='bbox 670 4675 923 4726; x_wconf 80' lang='lat' dir='ltr'>see.hlattl1.V.l3.</span> <span class='ocrx_word' id='word_1_427' title='bbox 977 4676 1133 4740; x_wconf 81' lang='lat' dir='ltr'>Sapientes.</span> <span class='ocrx_word' id='word_1_428' title='bbox 1147 4689 1226 4738; x_wconf 71' lang='lat' dir='ltr'>arran-p.</span> <span class='ocrx_word' id='word_1_429' title='bbox 1235 4674 1268 4721; x_wconf 88' lang='grc' dir='ltr'>Ι).</span> <span class='ocrx_word' id='word_1_430' title='bbox 1327 4669 1349 4701; x_wconf 83' lang='lat'>²¹</span> <span class='ocrx_word' id='word_1_431' title='bbox 1363 4668 1544 4718; x_wconf 82' lang='lat' dir='ltr'>lroercditario</span> <span class='ocrx_word' id='word_1_432' title='bbox 1557 4667 1639 4717; x_wconf 77' lang='lat' dir='ltr'><em>BCI).</em></span> <span class='ocrx_word' id='word_1_433' title='bbox 1653 4671 1678 4716; x_wconf 76' lang='grc'>5.</span> <span class='ocrx_word' id='word_1_434' title='bbox 1687 4669 1708 4715; x_wconf 81' lang='lat'>6.</span> 
     </span>
     <span class='ocr_line' id='line_1_42' title="bbox 414 4752 1709 4823; baseline -0.005 -17"><span class='ocrx_word' id='word_1_435' title='bbox 414 4755 436 4788; x_wconf 79' lang='lat'>¹²</span> <span class='ocrx_word' id='word_1_436' title='bbox 454 4754 582 4820; x_wconf 82' lang='lat' dir='ltr'>Magistri</span> <span class='ocrx_word' id='word_1_437' title='bbox 601 4758 694 4809; x_wconf 85' lang='lat' dir='ltr'>nostri.</span> <span class='ocrx_word' id='word_1_438' title='bbox 714 4777 793 4823; x_wconf 68' lang='lat' dir='ltr'>trecop.</span> <span class='ocrx_word' id='word_1_439' title='bbox 803 4762 833 4809; x_wconf 82' lang='grc'>1).</span> <span class='ocrx_word' id='word_1_440' title='bbox 891 4759 912 4790; x_wconf 78' lang='lat'>²⁵</span> <span class='ocrx_word' id='word_1_441' title='bbox 931 4760 1106 4818; x_wconf 75' lang='lat' dir='ltr'>ideircoo&#39;.ti.</span> <span class='ocrx_word' id='word_1_442' title='bbox 1171 4758 1193 4790; x_wconf 79' lang='lat'>¹⁶</span> <span class='ocrx_word' id='word_1_443' title='bbox 1211 4752 1347 4821; x_wconf 81' lang='lat' dir='ltr'>Magistri.</span> <span class='ocrx_word' id='word_1_444' title='bbox 1367 4754 1476 4802; x_wconf 82' lang='lat' dir='ltr'>Patres.</span> <span class='ocrx_word' id='word_1_445' title='bbox 1496 4767 1576 4815; x_wconf 77' lang='lat' dir='ltr'>marg.</span> <span class='ocrx_word' id='word_1_446' title='bbox 1585 4753 1616 4800; x_wconf 85' lang='lat' dir='ltr'>D.</span> <span class='ocrx_word' id='word_1_447' title='bbox 1679 4767 1709 4800; x_wconf 90' lang='lat' dir='ltr'>ae</span> 
     </span>
     <span class='ocr_line' id='line_1_43' title="bbox 412 4836 1708 4909; baseline -0.007 -18"><span class='ocrx_word' id='word_1_448' title='bbox 412 4857 463 4906; x_wconf 82' lang='lat' dir='ltr'>pro</span> <span class='ocrx_word' id='word_1_449' title='bbox 482 4857 499 4891; x_wconf 80' lang='lat' dir='ltr'>a</span> <span class='ocrx_word' id='word_1_450' title='bbox 517 4846 575 4891; x_wconf 69' lang='grc' dir='ltr'>Μ.</span> <span class='ocrx_word' id='word_1_451' title='bbox 630 4845 714 4908; x_wconf 91' lang='lat' dir='ltr'>proeh</span> <span class='ocrx_word' id='word_1_452' title='bbox 734 4845 760 4893; x_wconf 82' lang='lat' dir='ltr'>C.</span> <span class='ocrx_word' id='word_1_453' title='bbox 819 4843 842 4876; x_wconf 78' lang='lat'>¹⁷</span> <span class='ocrx_word' id='word_1_454' title='bbox 860 4843 1017 4909; x_wconf 76' lang='lat' dir='ltr'>epistolam]</span> <span class='ocrx_word' id='word_1_455' title='bbox 1037 4846 1276 4903; x_wconf 63' lang='lat' dir='ltr'>clarummontem,</span> <span class='ocrx_word' id='word_1_456' title='bbox 1296 4839 1351 4888; x_wconf 84' lang='lat' dir='ltr'>nisi</span> <span class='ocrx_word' id='word_1_457' title='bbox 1369 4839 1440 4888; x_wconf 84' lang='lat' dir='ltr'>sorte</span> <span class='ocrx_word' id='word_1_458' title='bbox 1459 4836 1617 4901; x_wconf 83' lang='lat' dir='ltr'>interEpp.</span> <span class='ocrx_word' id='word_1_459' title='bbox 1637 4837 1708 4886; x_wconf 81' lang='lat' dir='ltr'>obse.</span> 
     </span>
     <span class='ocr_line' id='line_1_44' title="bbox 414 4923 1488 4993; baseline -0.006 -17"><span class='ocrx_word' id='word_1_460' title='bbox 414 4926 479 4977; x_wconf 86' lang='lat' dir='ltr'>virr.</span> <span class='ocrx_word' id='word_1_461' title='bbox 543 4926 565 4960; x_wconf 77' lang='lat'>²¹</span> <span class='ocrx_word' id='word_1_462' title='bbox 583 4927 670 4977; x_wconf 82' lang='lat' dir='ltr'>Nihili</span> <span class='ocrx_word' id='word_1_463' title='bbox 688 4928 812 4978; x_wconf 88' lang='lat' dir='ltr'>homines</span> <span class='ocrx_word' id='word_1_464' title='bbox 832 4929 861 4978; x_wconf 89' lang='lat' dir='ltr'>in</span> <span class='ocrx_word' id='word_1_465' title='bbox 878 4926 1069 4993; x_wconf 83' lang='lat' dir='ltr'>Apostolorum</span> <span class='ocrx_word' id='word_1_466' title='bbox 1088 4929 1150 4979; x_wconf 84' lang='lat' dir='ltr'>loer‘r</span> <span class='ocrx_word' id='word_1_467' title='bbox 1169 4923 1349 4979; x_wconf 73' lang='lat' dir='ltr'>successerat.</span> <span class='ocrx_word' id='word_1_468' title='bbox 1366 4923 1488 4987; x_wconf 68' lang='lat' dir='ltr'>rampo.</span> 
     </span>
    </p>
   </div>
   <div class='ocr_carea' id='block_1_4' title="bbox 0 0 1964 5950">
    <p class='ocr_par' dir='ltr' id='par_1_4' title="bbox 0 0 1964 5950">
     <span class='ocr_line' id='line_1_45' title="bbox 0 0 1964 5950; baseline 0 0"><span class='ocrx_word' id='word_1_469' title='bbox 0 0 1964 5950; x_wconf 95' lang='lat' dir='ltr'> </span> 
     </span>
    </p>
   </div>
  </div>
 </body>
</html>
