3917 5950
308 635 384 709 238
418 651 478 702 (Ἡ.
491 667 535 702 ιι..
548 666 648 737 rnen.
662 666 699 701 en
711 666 845 703 serviren.
858 667 939 703 cerr.
952 668 1027 703 nen„
1052 652 1126 708 0111.
1139 670 1203 708 rou.
1215 669 1480 708 mercennurius.
1491 669 1531 706 ee.

306 833 404 883 nstro
425 821 543 891 seeleri;
566 821 691 882 debetur
717 821 887 901 reipublice
912 821 1058 884 literaria.
1102 825 1193 886 immo
1219 826 1298 886 bono
1325 827 1382 886 lroe
1411 826 1537 904 quodam
1561 827 1588 885 tlt

307 928 477 985 tileristiauae
499 923 648 1002 religionis
671 925 746 992 lato,
776 926 823 983 cui
850 944 901 983 ros
922 925 1080 987 obscurata
1107 925 1173 988 luce
1199 927 1352 1006 pudendas
1380 928 1528 986 irnexistis
1551 934 1587 986 te-

307 1027 428 1096 nebras,
451 1027 559 1105 ‹prilius
580 1044 635 1085 nos
657 1025 785 1103 expulsis
806 1045 841 1085 ac
863 1028 996 1105 effugatis
1018 1028 1214 1089 Christianum
1236 1030 1290 1089 diis
1312 1037 1401 1108 atque
1430 1028 1589 1089 hominibus

307 1128 512 1207 plaudentibus
534 1127 744 1187 illustraliimus
766 1119 879 1188 orbem.
923 1129 1054 1189 Renatus
1076 1139 1120 1190 est
1136 1130 1346 1210 Hieronymum
1371 1149 1482 1191 uotum
1496 1130 1589 1190 Testa

307 1239 437 1291 mentum
459 1230 554 1290 lue-ern
577 1230 685 1297 induit;
709 1227 800 1289 multa
821 1249 857 1289 ex
880 1229 1019 1298 Hebraeo,
1042 1230 1133 1292 multa
1153 1250 1188 1291 ex
1204 1232 1313 1293 Graecis
1328 1238 1491 1300 eruuntur3
1514 1230 1604 1290 ardete

306 1352 390 1410 opus.
435 1332 549 1391 Interea
571 1348 622 1390 ros
643 1330 714 1408 quid
736 1332 834 1409 agitis
858 1350 912 1391 cur
933 1333 999 1410 quis
1013 1332 1180 1412 Theologos
1201 1352 1252 1393 ros
1272 1334 1373 1394 roret?
1396 1332 1509 1412 Nempe
1529 1333 1589 1399 hoe,

306 1443 338 1494 ut
360 1441 495 1512 agentem
519 1432 581 1492 haec
603 1432 782 1510 Capuionem
805 1430 896 1491 literis
918 1451 952 1492 ae
976 1442 1143 1511 temporum
1165 1443 1333 1495 nostromm
1356 1434 1460 1514 gloriae
1487 1434 1588 1493 adima-

306 1538 351 1595 tis.
385 1534 512 1595 Proinde
533 1533 671 1612 laqueum
694 1535 814 1594 sumite:
847 1533 1005 1594 llultoruur
1036 1553 1088 1595 ore
1116 1536 1198 1596 robis
1224 1537 1353 1605 curritur,
1386 1554 1515 1614 quorum
1536 1553 1589 1594 non

305 1638 414 1697 ideirco
437 1654 501 1696 sum
525 1654 580 1712 ego
602 1637 745 1712 optimus,
769 1635 835 1714 quia
858 1637 985 1713 primus,
1013 1637 1064 1696 sed
1088 1637 1197 1698 idcirco
1219 1639 1349 1715 primus,
1378 1641 1447 1716 quia
1477 1637 1588 1696 minime

305 1741 418 1818 patiens
441 1756 540 1797 morae.
587 1736 643 1796 l'os
665 1739 753 1815 igilur
775 1755 896 1806 moneo,
929 1737 1094 1807 Coniurali,
1128 1738 1242 1807 adeste,
1275 1738 1455 1809 incumbite,
1489 1746 1612 1816 ruptusu

305 1860 407 1901 career
430 1848 488 1908 est,
512 1841 585 1898 laeta
608 1838 684 1908 alea,
714 1839 832 1916 regredi
855 1837 1019 1908 nonlicet,
1053 1839 1194 1901 Obscuris
1215 1839 1290 1900 l'irls
1312 1839 1450 1919 laqueum
1473 1839 1586 1918 praebui.

305 1963 359 2003 uos
382 1943 505 2002 vicissim
529 1941 651 2002 lierliam
673 1959 833 2001 sumemus,

576 2042 772 2102 llarimiliano
794 2043 912 2101 ,lustrio
935 2026 1136 2104 Romanorum
1158 2062 1192 2104 ac
1214 2044 1321 2104 Germa

615 2164 721 2204 norum
744 2143 927 2220 Imperatore
949 2142 1093 2205 Inuictiss.
1116 2144 1226 2206 Rerum
1248 2147 1285 2206 lta

803 2245 894 2306 bertas
915 2245 1093 2306 Moderante.

321 2600 497 2636 BBPHVBDIAE.
901 2564 1005 2641 CHI-

305 2653 508 2664 ————

786 2737 950 2818 [eonmus
972 2725 1110 2818 uessts]

720 2841 922 2884 nocrtssnro
946 2843 1023 2884 vtro
1049 2842 1177 2885 DOMINO

805 2924 970 2975 MV'rlurto
994 2924 1091 2975 RVFO

505 3012 669 3055 curtoutco
693 3012 847 3055 Gornnrzo
872 3013 1024 3055 PATRONO
1054 3011 1112 3054 8Γο
1135 3012 1279 3058 smmi
1299 3012 1393 3055 nrm.

387 3133 494 3191 Salvum
518 3141 545 3190 te
567 3152 640 3197 esse,
664 3134 753 3190 omnio
776 3134 911 3189 exanimi
934 3135 974 3188 tui
997 3133 1132 3190 sententia
1153 3131 1201 3189 tibi
1223 3132 1381 3195 succedere,
1405 3134 1427 3188 si
1444 3132 1613 3189 convehere

302 3228 408 3276 menter
429 3220 549 3293 gaunleo,
571 3219 689 3274 llutiane
711 3218 891 3279 observande.
911 3217 1021 3273 minime
1043 3217 1164 3274 omnium
1178 3216 1280 3273 valeam
1296 3260 1586 3273 ....................

302 3304 352 3371 [lui
377 3305 423 3360 tilii
448 3306 527 3361 liosee
550 3304 646 3359 literas
668 3303 770 3381 reddit.
794 3306 879 3358 lrater
900 3319 1046 3375 germanus
1068 3311 1111 3358 est
1132 3303 1226 3359 uxoris
1246 3320 1326 3365 mear,
1350 3302 1433 3359 lromo
1449 3304 1502 3359 mei
1519 3302 1587 3358 valde

302 3390 450 3444 studiosus.
500 3389 562 3445 lmic
589 3389 649 3444 dedi
678 3389 759 3444 etiam
786 3387 926 3443 Mosellam
954 3387 1098 3461 epistolam
1131 3388 1164 3443 nd
1193 3395 1233 3450 te,
1264 3404 1353 3461 nuper
1379 3388 1446 3443 milri
1475 3389 1587 3443 missam.

301 3472 389 3527 addidi
420 3492 499 3547 quam
527 3475 560 3529 ad
587 3492 629 3529 me
657 3481 684 3529 et
706 3474 842 3529 Petreium
866 3472 911 3527 illc
934 3473 1059 3545 scripsit:
1092 3489 1149 3529 non
1170 3472 1250 3528 aliam
1272 3472 1307 3528 oli
1328 3489 1436 3529 eausam
1460 3490 1540 3546 quam
1561 3479 1589 3527 ut

301 3557 390 3612 videas
421 3559 484 3631 quid
513 3559 546 3614 de
574 3565 671 3614 nostro
693 3557 800 3613 lluteno
828 3565 855 3613 ct
883 3574 925 3612 me
949 3557 1056 3612 iudicet.
1100 3557 1225 3630 llagnum
1247 3565 1303 3618 est.
1327 3557 1459 3618 llutiane,
1483 3565 1511 3612 et
1534 3556 1615 3628 glo-25

301 3643 372 3697 riosa
400 3660 445 3697 res
474 3643 581 3698 lluteno
615 3643 672 3698 lieri
701 3661 807 3717 parem.
843 3641 929 3698 multo
958 3640 1106 3713 gloriosius
1135 3641 1275 3699 excellere.
1326 3642 1366 3696 'lu
1395 3642 1460 3715 quid
1490 3642 1587 3698 sentis?

301 3728 373 3782 nosti
396 3727 541 3801 Capnionis
569 3727 703 3800 elogium:
736 3727 808 3783 nosti
837 3727 900 3800 quid
930 3726 1052 3782 lluteuus
1081 3727 1146 3782 milri
1174 3726 1284 3782 tribuat.
1328 3726 1410 3781 Cuius
1439 3726 1587 3802 epistolam.

301 3812 428 3884 quomam
459 3812 601 3886 superiore
631 3820 768 3886 tempore,
801 3829 861 3867 eum
892 3828 924 3866 er
952 3811 1113 3885 Georginuis
1140 3809 1253 3867 vallibus
1286 3811 1319 3867 ad
1352 3819 1380 3866 te
1412 3811 1588 3872 divertissem.

300 3894 392 3968 legere
415 3914 468 3951 non
491 3896 616 3958 voluisti,
646 3898 725 3952 retiam
748 3913 820 3952 nnnc
843 3896 967 3958 remitto,
992 3913 1097 3970 oroque
1119 3905 1149 3951 ut
1172 3904 1315 3969 utramque
1337 3895 1486 3968 diligenter
1508 3897 1587 3968 leges.

300 3980 367 4038 Eece
400 3981 567 4055 perturlialio
600 3981 723 4037 nonnihil
753 3981 978 4055 tranquillitatem
1007 3989 1094 4044 tuatu,
1123 3981 1235 4038 obruam
1264 3989 1291 4037 te
1319 3980 1421 4037 literis:
1463 3982 1497 4037 da
1526 3981 1616 4042 millio

299 4065 368 4125 lianc
396 4084 534 4178 operam·
551 4067 586 4122 mi
615 4066 703 4130 dude,
732 4066 865 4123 suffurare
894 4065 1029 4122 tantillum
1058 4066 1125 4130 ocii,
1153 4068 1216 4123 dum
1238 4066 1313 4140 legas
1336 4067 1405 4121 ista:
1440 4083 1496 4123 uon
1520 4067 1587 4122 enirn

299 4249 373 4301 CIII.
400 4248 551 4316 1:110a.
572 4246 735 4315 camerarii]
760 4265 897 4300 marmus
913 4248 918 4314 Ι
934 4264 1037 4313 nurse,
1062 4263 1214 4300 semrom
1230 4247 1235 4313 Ι
1250 4263 1448 4300 courrsc‘rrns
1467 4244 1588 4313 sonam!

298 4352 333 4386 rr
351 4351 477 4387 emonvrt
497 4350 668 4395 ovonvnonu
683 4334 688 4401 Ι
703 4343 751 4386 ete.
819 4333 823 4400 Ι
840 4349 940 4385 mrem
961 4348 992 4383 rn
1017 4332 1169 4398 oprrcrurl
1184 4347 1270 4384 rtem.
1288 4347 1334 4384 nu.
1355 4332 1403 4398 lu.
1414 4349 1519 4384 mnmr.
1536 4332 1587 4398 18⁰.

333 4421 391 4472 toll.
408 4423 458 4473 12.
477 4420 528 4473 13.
598 4420 802 4471 2=t1uuant
819 4421 891 4485 Epp.
916 4418 1019 4482 (Indie.
1039 4417 1107 4469 bibl.
1126 4418 1163 4469 n⁰.
1182 4416 1241 4483 64.)
1264 4416 1417 4483 Reliquiar.
1435 4436 1462 4485 p.
1484 4418 1540 4469 101.

880 4504 918 4553 n⁰.
933 4519 1015 4554 mv.

366 4637 377 4671 ²
407 4642 452 4689 cni
475 4638 533 4706 ete]
564 4649 590 4690 tn
613 4645 637 4691 t.
665 4644 819 4706 transpositi
843 4656 979 4706 operarum
1003 4643 1173 4706 neplepentia.
1186 4654 1273 4690 verius
1298 4642 1419 4689 lectorem
1444 4642 1586 4705 torpediunt.

299 4722 310 4754 ⁴
328 4724 512 4787 Hieronymus
531 4730 559 4773 et
570 4727 675 4776 Novum
694 4732 757 4776 test.
776 4726 885 4775 Erosmi
898 4726 1013 4790 primunr
1025 4725 1186 4790 prodierunt
1198 4724 1278 4774 aunis
1292 4722 1464 4774 1510...1518.
1502 4724 1523 4757 ¹³
1534 4727 1587 4775 Mo·

296 4807 439 4856 xirniliano
493 4810 654 4862 llloderante
673 4828 722 4861 non
739 4810 831 4860 liabent
843 4813 878 4860 A.
894 4813 919 4859 3.
929 4813 986 4860 M.
1023 4804 1025 4808 ’

364 4890 576 4960 ”errorismerel
589 4894 1029 4969 Catheir'noeSpater,Erfiertcnst'c.
1077 4890 1099 4927 ²⁴
1108 4879 1259 4961 Petreium]
1269 4892 1413 4945 Eberhard.
1456 4891 1584 4961 ”Georp

297 4974 372 5043 roll]
394 4978 566 5044 Georpentleal
581 4980 687 5031 deceatne
706 4981 823 5033 Goldant'.
