3917 5950
297 640 375 693 xtu.
382 654 447 691 ιοι.
454 653 538 691 nur
548 654 585 691 an
595 653 709 692 runnu.
734 640 1105 691 XVII.XV111.uvr1au1an
1114 654 1198 689 nsua.
1206 652 1339 690 venturu
1349 653 1410 688 ure.
1418 654 1444 689 n.
1452 645 1512 686 tall.
1550 622 1593 694 31

298 814 405 871 laudari
421 815 541 871 studium
558 821 646 876 tuum.
669 830 752 888 qarum
775 813 801 868 in
818 812 937 869 Hutteuo
953 812 1109 868 exornanda
1131 812 1216 869 hunus
1232 812 1313 868 heras
1330 821 1383 866 tam
1400 811 1468 867 hene
1482 811 1600 868 colluca-

298 899 380 958 ueris.
411 897 499 955 multo
521 907 610 955 tamen
633 900 738 971 gratius
761 899 813 953 huc
828 940 834 951 .
849 940 854 952 .
871 906 943 959 erat,
966 898 1040 971 qrtnd
1056 898 1176 953 videham
1193 906 1219 952 te
1234 915 1295 952 eum
1310 897 1475 952 doctissimis
1491 897 1599 970 meique

297 984 494 1062 amantissimis
515 983 656 1041 iuuentihus
679 983 887 1057 pulcherrimam
908 983 1138 1039 antecessitudimnu
1159 983 1335 1039 curistituissu
1353 982 1471 1037 ..Nune
1494 990 1598 1038 utrum·

298 1086 354 1143 que
371 1070 398 1124 iu
415 1068 516 1125 ltaliam
532 1068 646 1131 abiisse,
664 1069 718 1144 ima
734 1069 880 1123 secessisse
896 1068 992 1127 attilia:
1007 1068 1041 1122 de
1054 1068 1231 1141 dperlmmhu
1247 1068 1355 1140 quidem
1371 1076 1463 1123 certus
1478 1085 1547 1123 sum.

886 1436 1013 1513 XVII.
1370 1450 1455 1517 [trvs.
1469 1468 1495 1503 a.
1510 1451 1580 1520 uin]

1348 1522 1598 1533 ..--—-—.-.

712 1627 940 1697 [CONRADVS
961 1627 1188 1700 MVTIANVS]

786 1755 942 1810 llssunlco
965 1756 1117 1803 VRBANO.

388 1898 417 1957 Si
432 1897 519 1962 vales.
536 1898 605 1955 hene
621 1907 672 1954 est.
702 1898 744 1954 xl.
760 1899 814 1955 Cal.
830 1899 964 1967 Quintiles
981 1899 1097 1955 reddidit
1112 1899 1176 1953 mihi
1193 1899 1287 1955 literas
1309 1908 1369 1955 tuus
1389 1917 1458 1973 puer
1478 1899 1599 1973 liigarius

263 1984 265 1989 '
300 1984 397 2060 plenas
412 1983 596 2045 suavitatbet
611 1985 708 2039 summi
724 1984 823 2040 amuris
838 2002 903 2057 erga
924 2003 966 2040 me
988 1986 1026 2040 tni
1049 2026 1598 2044 ........................

265 2083 309 2127 tn.
324 2113 330 2125 .
345 2112 351 2124 .
368 2070 460 2126 Valeat
475 2087 542 2141 erpa
557 2069 745 2144 temperalium
762 2068 802 2123 rel
823 2070 918 2144 purius
938 2069 1108 2143 dispendium
1125 2069 1300 2131 Trutletteri,
1321 2069 1361 2140 rel
1378 2069 1400 2124 si
1416 2071 1527 2127 omniun
1542 2088 1600 2129 car·

299 2156 374 2211 mine
388 2154 572 2214 delectantur.
588 2154 658 2210 daho
675 2154 851 2228 Triumphum
867 2154 1013 2228 tlepuhmis
1034 2153 1067 2209 ah
1083 2154 1163 2209 decio
1178 2152 1281 2208 Nunliiu
1296 2154 1486 2210 rnneinuatum
1509 2156 1535 2211 iu
1550 2159 1601 2211 llu-

298 2238 439 2296 lunieuses
452 2236 641 2311 theologistas,
658 2256 737 2314 qump
749 2240 879 2313 sophista!
895 2247 1033 2312 apponant
1049 2239 1125 2311 aperi
1141 2256 1191 2293 sno
1208 2246 1260 2293 tam
1276 2238 1427 2312 pulchellu:
1444 2258 1535 2296 reruni
1551 2242 1601 2298 hac

299 2325 362 2397 lege
377 2325 426 2387 «ln,
441 2332 473 2380 ut
489 2324 515 2380 iu
532 2342 611 2380 interm
626 2325 760 2398 mancipio
776 2325 811 2380 sit
829 2332 889 2379 tun:
910 2341 977 2396 uum
989 2324 1011 2379 si
1029 2324 1195 2381 Tlumhardis
1211 2323 1360 2387 eulaiheres
1380 2325 1469 2380 ilaruui
1485 2325 1600 2383 rnnultuut

301 2410 420 2471 laceres,
436 2418 464 2465 et
480 2417 510 2465 tu
525 2427 554 2465 es
570 2409 689 2483 optimus
706 2409 797 2470 testis.
815 2427 895 2482 quum
912 2409 1011 2482 iniquis
1027 2408 1138 2464 anrilms
1154 2408 1316 2483 attuipereut.
1348 2409 1403 2465 llue
1418 2410 1515 2484 scripsi
1531 2411 1600 2467 hene

266 2494 403 2550 ¹⁵ehrins.
420 2495 459 2550 sic
475 2493 552 2551 seluo
567 2511 662 2550 curare
678 2493 867 2550 raletmlinmn.
889 2494 933 2550 llic.
949 2502 1079 2567 quantum
1091 2494 1197 2549 dederis
1219 2512 1269 2567 pru
1288 2494 1427 2573 psalterio.
1446 2496 1508 2551 item
1521 2496 1600 2551 mitte

299 2580 506 2651 hamascenum:
522 2579 592 2635 dahu
607 2596 658 2653 pru
675 2587 793 2652 utroque
808 2579 938 2652 prmium.
959 2580 1023 2635 item
1039 2579 1121 2634 Valla·
1142 2596 1241 2634 norum
1265 2587 1463 2636 testamentum.
1486 2582 1519 2637 de
1534 2581 1600 2636 vitta

299 2664 501 2739 preciosissima
514 2671 590 2720 tuum
605 2663 755 2720 limetulum
772 2672 799 2721 et
816 2663 930 2737 pnlitum
947 2664 1074 2720 iudicium
1090 2662 1189 2720 hahere
1206 2663 1281 2727 sulm
1297 2665 1349 2721 nisi
1363 2665 1399 2721 sit
1409 2665 1453 2721 llll
1464 2674 1510 2721 aut
1522 2666 1601 2740 quin·

299 2767 353 2823 que
369 2766 530 2812 aureorum,
546 2766 602 2805 nnn
618 2747 742 2823 placebit.
774 2748 837 2804 h'ale
853 2757 880 2805 et
896 2749 952 2805 luen
968 2748 1031 2804 bani
1047 2748 1169 2805 consule.

447 2932 534 2983 xvu.
559 2933 600 2982 Ex
613 2931 733 2983 Conrndi
745 2933 865 2982 Mutinni
878 2932 938 2982 Rufi
953 2933 1034 2998 episi.
1048 2946 1145 2982 accur.
1162 2935 1209 2978 dis.
1222 2931 1281 2981 cod.
1295 2932 1426 2982 Francos.
1440 2932 1476 2981 4⁰.

265 3376 292 3418 aa
320 3293 465 3428 [eoru-l
873 3341 1019 3418 XVIII.
1319 3375 1345 3408 n.
1359 3368 1392 3408 m.
1406 3377 1465 3413 svs.
1479 3377 1504 3411 A.
1519 3369 1578 3411 tati.

301 3430 463 3442 ..-—-—

745 3540 995 3590 SAOROSANCTO
1016 3541 1159 3589 VRBANO

521 3647 689 3692 uaursrno
711 3649 855 3693 senuero
876 3650 978 3693 nureo
1002 3652 1043 3692 nr
1067 3651 1218 3693 connuno
1243 3652 1283 3692 nr
1305 3652 1383 3693 rrno

867 3738 899 3793 ll.
923 3738 1037 3794 ut'ut's.

387 3873 467 3930 lnitio
492 3870 540 3927 tihi
561 3879 592 3927 ut
612 3870 699 3927 debeo
720 3871 834 3932 salutem
855 3874 924 3929 dien.
956 3882 983 3928 te
1003 3873 1075 3929 enim
1091 3873 1192 3930 salvum
1209 3882 1237 3930 et
1252 3873 1397 3931 hnnestmu
1413 3893 1474 3930 esse
1495 3894 1604 3952 semper

264 3979 289 4020 z.
300 3951 384 4016 rhlui.
423 3957 480 4030 Ego
495 3956 518 4012 si
535 3956 635 4030 quaeris
650 3956 714 4030 quid
731 3956 827 4030 legam,
843 3959 956 4015 eunlera
971 3959 1075 4015 havidis
1090 3959 1207 4033 hymnus
1222 3968 1250 4014 et
1265 3959 1354 4014 rnrhis
1370 3978 1456 4034 prupe
1476 3962 1609 4034 singulis..

299 4045 399 4101 nedum
416 4058 541 4098 uersuum
557 4040 730 4097 sententiolis
746 4043 877 4099 immurnr
893 4086 1135 4099 ...........
1153 4045 1330 4118 Triumphum
1346 4044 1440 4100 Neuhii
1457 4055 1484 4102 et
1500 4047 1602 4119 epistu-

299 4129 352 4186 laru
369 4129 401 4184 ad
414 4125 568 4199 Agricolam
584 4125 700 4182 restitue
716 4169 722 4182 .
738 4128 762 4183 si
777 4128 853 4184 illum
868 4128 1072 4190 abalienaveris,
1089 4130 1168 4208 mitte
1182 4130 1259 4191 hane,
1276 4146 1327 4203 pra
1343 4147 1395 4202 qua
1411 4129 1498 4185 haheo
1514 4130 1601 4186 aliam

200 4264 206 4277 ,
300 4215 357 4286 Epo
374 4211 434 4269 ruisi
449 4211 482 4268 ad
496 4212 631 4268 nundinas
646 4211 814 4286 Neoburgias
829 4231 928 4270 aureos
943 4215 1077 4288 quinque.
1095 4224 1125 4270 ut
1140 4214 1329 4272 munusculum
1345 4222 1533 4286 supportetur.
1555 4213 1603 4270 llic

299 4299 397 4355 desino
420 4305 446 4354 te
467 4295 586 4370 culpare.
616 4296 697 4353 nimis
717 4298 836 4354 lurtasse
857 4315 916 4354 snm
936 4317 1077 4364 mnrnsus,
1104 4318 1138 4355 ne
1158 4300 1243 4356 theam
1264 4298 1479 4354 rerumnelinsus
1500 4299 1602 4354 amicis.

265 4384 373 4446 „Satis
389 4391 417 4440 te
433 4382 569 4456 increpui,
591 4398 663 4438 nuuc
677 4382 714 4438 sit
729 4383 815 4457 quies.
842 4384 889 4440 sed
905 4385 1034 4457 poeuitet,
1051 4386 1147 4460 pudet,
1175 4386 1251 4461 piget
1266 4402 1309 4440 me
1325 4384 1467 4458 scripsisse
1483 4384 1515 4440 ad
1534 4392 1560 4440 te
1574 4392 1603 4440 et

300 4567 402 4619 XVIII.
427 4565 470 4616 Ex
487 4564 610 4616 eiusdem
626 4565 747 4616 Muliaui
764 4580 986 4632 speceanuu.
1012 4567 1160 4631 eodemque
1174 4571 1219 4612 MS.
1234 4567 1294 4617 cod.
1306 4567 1351 4617 uf.
1393 4565 1602 4619 Cf.Cour.Mu·

425 4651 496 4702 linui
510 4649 729 4715 RnfiEpiatoler.
743 4651 1002 4701 eW.l-}.Tenlzeli0
1015 4652 1088 4702 lenm
1102 4668 1128 4701 e.
1141 4649 1215 4701 1701.
1229 4652 1327 4702 editur.
1340 4670 1367 4718 p.
1376 4651 1479 4717 180.sq.

368 4803 404 4838 Μ
427 4803 623 4870 Aperbeehum
640 4809 669 4857 et
688 4805 851 4856 Hutienum.
888 4805 956 4867 Qum
975 4806 1004 4854 in
1022 4765 1081 4855 eod.
1095 4805 1219 4870 sangall.
1233 4807 1526 4872 seqniturhperbaehl
1546 4808 1604 4872 epi-

300 4890 373 4940 stol·
391 4889 443 4954 (η’.
456 4889 510 4953 ³³.)
526 4890 595 4942 duta
612 4895 655 4942 eal
667 4891 744 4942 Rom.
757 4907 803 4942 xv.
817 4891 862 4941 die
876 4890 964 4954 April.
978 4906 1077 4942 unxrr.

290 5038 295 5050 Ι
372 4975 383 5008 ⁸
401 4975 429 5026 tl.
441 4967 579 5026 2121unii.
635 4973 656 5008 ¹¹
672 4975 771 5042 Accio]
784 4983 836 5028 etue
848 4977 926 5027 Attio
937 4982 1059 5039 seriptum
1070 4980 1113 5024 sit.
