3917 5950
389 612 461 685 148
491 629 565 678 LIX.
579 641 703 677 avaram
716 641 753 675 an
767 638 932 674 rrncxmr.
947 632 1107 674 n.1vn.ltlt.
1126 623 1186 673 LX.
1200 637 1385 673 caraman
1396 637 1602 674 nascamur.
1616 628 1677 672 itta.

387 797 537 861 becilliusl
559 797 669 858 ltemm
691 793 763 855 vale.
809 793 973 872 Bamberga
997 794 1113 870 raptim.
1137 790 1187 852 21.
1206 790 1286 858 lulii,
1308 792 1393 851 diruo
1418 791 1510 851 1517.
1557 790 1681 869 Capillo-

300 975 304 983 .
388 902 433 961 nis
456 918 542 960 causa
565 899 661 958 adbuc
683 895 738 956 sub
762 895 856 955 iudice
879 902 932 955 est.

391 1281 587 1354 [sanescat]
952 1265 1113 1340 LVIIH.
1207 1220 1210 1225 Ι
1402 1277 1478 1344 tonte
1491 1276 1672 1344 saunari]

1399 1347 1685 1360 ..—....—-

676 1433 874 1495 HV'Fl'ENVS
897 1434 1098 1495 BlLlBALDO
1120 1433 1191 1495 SVO
1213 1432 1394 1493 SAlel'Elll.

475 1570 658 1638 Curandum,
682 1567 839 1637 Bilibalde,
863 1575 894 1629 ut
910 1569 1041 1647 Capuion
1055 1570 1178 1647 accipiat
1201 1568 1312 1636 literas,
1335 1569 1382 1628 cui
1404 1567 1517 1628 scribes
1539 1584 1708 1635 caussams

391 1692 445 1734 our
466 1691 525 1732 non
548 1690 583 1732 ex
606 1668 686 1731 ltalia
707 1671 839 1729 venerint
867 1668 920 1737 illi,
951 1669 1062 1730 scilicet
1090 1678 1212 1748 propter
1239 1671 1436 1748 importunam
1459 1669 1603 1745 Groniugi
1627 1667 1687 1726 abi·

389 1772 510 1834 tionem.
555 1769 759 1831 Consolaberis
788 1778 930 1848 praeterea
962 1771 1126 1839 hominem,
1156 1790 1215 1850 quo
1244 1790 1280 1831 ne
1310 1788 1381 1831 cura
1409 1768 1583 1830 conficiatur
1613 1770 1687 1845 opti·

391 1893 458 1935 mus
479 1891 578 1934 senex.
622 1872 766 1931 Praeterea
789 1872 892 1947 scripsi
914 1872 942 1930 iu
965 1871 1091 1941 ltaliam,
1121 1881 1153 1932 ut
1175 1871 1241 1933 libri
1264 1873 1320 1932 inei
1343 1872 1418 1932 bene
1441 1870 1630 1948 perferantur
1652 1869 1688 1928 ad
1736 1886 1740 1893 ·

392 1986 430 2035 te.
476 1973 529 2033 Vbi
562 1972 690 2041 lenient,
724 1973 831 2046 accipe.
878 1971 990 2032 luteres
1024 1973 1168 2043 scribam,
1206 1992 1264 2053 quo
1297 1981 1327 2033 tc
1358 1972 1558 2032 transmittere
1592 1969 1687 2029 velun.

392 2075 462 2135 llaec
484 2091 554 2135 cura
577 2090 611 2133 ac
633 2074 696 2150 ipse
719 2072 780 2133 rale
796 2080 823 2133 et
839 2072 998 2134 lluttenum
1022 2092 1086 2134 arua
1109 2093 1144 2135 ac
1160 2083 1258 2160 partes
1273 2073 1447 2154 llepchliuas
1462 2081 1547 2132 tuere
1563 2072 1687 2131 leniter.
1702 2095 1725 2132 ro

961 2211 1124 2221 ----.-

393 2260 509 2312 LVIIll.
527 2259 688 2324 A=lpsins
701 2259 817 2308 Hutteni
827 2233 1015 2323 αὐτογράφου
1028 2261 1162 2324 epistolae,
1178 2275 1259 2326 quam
1271 2261 1378 2310 honest.
1392 2258 1546 2323 bibliopola
1562 2258 1690 2322 Lipsien-

394 2347 433 2396 sis
451 2345 484 2393 Ο.
504 2344 620 2394 Schulae
645 2343 818 2408 possidebat,
846 2343 999 2408 exemplum
1018 2343 1230 2394 adcuratissime
1254 2345 1425 2408 transcripsi.
1495 2343 1643 2407 2=npp.
1662 2341 1692 2389 in

750 2459 755 2469 ·
788 2426 884 2476 Indico
909 2426 975 2476 bibl.
990 2442 1015 2476 n.
1029 2425 1071 2476 82.
1086 2429 1146 2477 citt.
1169 2444 1196 2493 p.
1207 2427 1245 2479 13.
1254 2444 1294 2495 sq.

846 2629 1206 2645 *w-

415 2884 553 2921 oonourae.
712 2876 715 2882 ·
1006 2850 1087 2924 LX.
1487 2864 1514 2945 p
1516 2863 1692 2946 ,ἐι-11]-

397 2928 574 2951 ——fi

774 3025 973 3081 lmnunnnvs
994 3025 1101 3082 COMES
1123 3025 1164 3082 nl:
1184 3024 1318 3081 nvnunlt
1708 3046 1731 3084 1⁵

737 3122 892 3172 IOHANNI
925 3122 1112 3174 REVCHLIN
1141 3122 1351 3173 PHORCENSI

983 3207 1010 3257 S.
1029 3210 1064 3258 D.
1082 3207 1114 3257 P.

343 3343 399 3403 aa·
485 3332 522 3387 En
551 3331 600 3387 tibi
629 3332 743 3386 amicum
771 3337 909 3404 utrunque
937 3348 1060 3403 gravem.
1090 3330 1137 3403 qui
1167 3338 1235 3385 tuae
1255 3338 1348 3404 partes
1378 3338 1453 3385 tenet
1480 3332 1552 3404 apud
1578 3331 1697 3385 Leodios

400 3426 428 3474 et
451 3419 554 3490 Aquas:
578 3417 666 3489 exegit
691 3433 705 3471 a
728 3433 769 3470 ine
792 3414 885 3470 literas
907 3416 1156 3476 commendaticias,
1180 3424 1210 3470 ut
1233 3424 1260 3470 te
1283 3432 1314 3470 ex
1338 3416 1437 3470 itinere
1453 3414 1571 3471 inrisere
1586 3424 1697 3488 posset:

402 3502 474 3576 quod
497 3502 548 3556 leci
572 3501 629 3574 ipse
652 3518 707 3556 non
731 3500 843 3559 imitus,
873 3517 933 3554 curu
963 3501 1038 3573 quod
1066 3508 1093 3555 te
1121 3517 1220 3560 amem.
1251 3508 1308 3555 turn
1331 3500 1412 3556 etiam
1435 3499 1507 3573 quod
1532 3499 1572 3554 illi
1596 3516 1730 3572 negarem

345 3591 457 3642 §.t-non
479 3586 566 3659 potui.
611 3585 710 3640 Contra
734 3584 923 3644 Honstraturn.
960 3585 1050 3640 idest
1073 3575 1276 3659 κυνόβρογχον
1305 3578 1355 3640 nal
1382 3578 1587 3666 κυνόρυχχον,
1621 3584 1698 3639 Cani·

402 3670 533 3726 rouclmm
556 3669 631 3724 illum
656 3670 733 3725 bone
762 3670 838 3724 lamae
862 3669 985 3731 bostem,
1004 3668 1129 3743 ‚paucula
1152 3670 1340 3743 ineptivimus.
1370 3670 1495 3743 graviora
1525 3686 1644 3743 quaeque
1667 3668 1698 3723 ad

403 3756 503 3811 exitum
526 3763 708 3810 maturantes:
737 3754 903 3827 pedetentim
932 3762 1027 3810 contra
1056 3754 1159 3810 beluam
1190 3754 1364 3809 incedendum
1391 3761 1448 3815 est,
1478 3754 1699 3827 quandoquidem

403 3849 514 3897 externa
542 3838 666 3913 praesidia
697 3838 815 3894 noudum
845 3846 1034 3900 accesserunt:
1063 3838 1215 3894 coniunctis
1242 3838 1329 3912 copiis
1358 3839 1507 3912 expugnari
1530 3839 1700 3894 courmodius

346 3925 513 4001 §.apoterit
558 3923 673 3996 Egregie
695 3924 821 3979 animarit
844 3911 885 3978 me
908 3923 1051 3986 Busclrius,
1082 3923 1205 3996 idemque
1228 3922 1362 3979 lluttcnus
1384 3923 1462 3986 lecit,
1485 3923 1565 3979 ambo
1590 3924 1630 3977 tui
1653 3923 1733 3979 lio-as

644 4105 701 4153 LX.
722 4107 790 4171 Epp.
803 4105 948 4155 Reuchliu.
964 4105 1062 4164 tlnclic.
1076 4105 1143 4154 bibl.
1157 4104 1256 4168 ntor.)
1270 4079 1406 4155 foll-turb
1416 4122 1457 4170 sq.

470 4243 674 4293 ¹Herum2.3.
740 4242 977 4306 Bambergao2.3.
1048 4242 1177 4290 Ceterum
1190 4240 1295 4290 dierum
1313 4241 1501 4303 indicationes
1519 4243 1547 4290 in
1567 4242 1703 4291 recentio-

404 4345 460 4378 rem
480 4328 587 4377 modum
605 4328 707 4393 ubique
727 4328 850 4392 corrupit
864 4329 887 4375 1.

471 4412 482 4443 ⁵
511 4414 659 4463 litterast.
729 4412 848 4474 scribes,
880 4427 1008 4461 caussam
1040 4425 1088 4458 eur
1107 4413 1141 4460 Α.
1154 4413 1184 4461 2ι
1249 4407 1430 4477 ⁸Groningi]
1449 4412 1579 4468 Martini.
1610 4411 1704 4477 Romae

404 4497 551 4546 Reuchlini
564 4514 675 4548 calisam
690 4504 786 4548 contra
799 4495 979 4546 colonienses
992 4495 1176 4546 defendentis.
1228 4493 1262 4528 Μ
1275 4493 1405 4560 optimus]
1418 4503 1472 4560 opt.
1486 4497 1520 4545 Α.
1531 4500 1557 4546 2.
1612 4497 1623 4529 ⁸
1642 4495 1706 4545 libri

406 4579 469 4644 mei]
489 4582 532 4630 Cf.
553 4583 626 4631 inira
643 4583 769 4632 Fischeri
789 4598 832 4646 ep.
846 4581 871 4631 d.
886 4581 927 4630 21).
941 4582 1002 4631 Ian.
1016 4596 1042 4630 a.
1058 4577 1131 4630 1518.
1145 4581 1180 4630 ad
1192 4579 1304 4629 Pirckb.
1318 4581 1459 4645 scriptam.
1495 4581 1597 4631 Parnm
1622 4580 1704 4631 adcu-

406 4670 466 4714 rate
480 4665 646 4730 l'reytagins
664 4667 697 4715 ad
717 4667 742 4715 n.
756 4667 774 4715 l.
789 4666 935 4716 adnotavit
953 4681 987 4715 ex
1004 4666 1126 4729 proxime
1144 4665 1284 4729 superiore
1297 4664 1416 4714 Hutteni
1435 4664 1470 4714 ad
1482 4666 1630 4716 Erasmum
1650 4665 1705 4730 epi·

407 4747 479 4796 stola
502 4749 612 4811 probari
635 4750 766 4799 librorum
791 4766 920 4815 ariagnem
944 4749 1054 4814 copiam
1078 4748 1210 4798 initalia
1232 4747 1278 4798 vel
1301 4750 1438 4798 coemisse
1460 4748 1505 4798 vel
1528 4750 1602 4800 dono
1626 4764 1704 4800 acce·

407 4832 481 4894 pisse
499 4831 661 4881 Hnttenum.
697 4835 795 4896 lmmo,
815 4836 843 4884 in
862 4836 947 4884 ltalia
964 4841 1021 4884 tum
1040 4850 1094 4884 non
1112 4849 1173 4883 raro
1192 4838 1307 4898 eguerat
1324 4833 1474 4883 Huttenns
1522 4833 1545 4866 ¹⁰
1558 4849 1621 4886 ama
1641 4841 1668 4883 et
1680 4836 1704 4883 2.

475 4913 496 4945 ¹¹
515 4907 643 4981 enadda]
664 4920 743 4967 canis
761 4919 859 4968 lauces
877 4921 938 4969 sive
958 4921 1058 4987 rictus,
1078 4916 1269 4984 tpunbdtodpen.
