3917 5950
251 647 399 698 cnxxvl.
419 662 517 698 aaran.
531 662 568 697 an
581 638 643 697 annss
658 661 724 727 noo.
738 662 780 695 nr.
802 645 961 696 cnxxvll.
982 662 1084 696 uanas.
1098 662 1134 696 ao
1148 661 1261 697 oratur.
1276 664 1318 698 nr.
1332 665 1358 698 n.
1375 655 1432 698 ttae.
1471 631 1539 707 361

244 736 272 779 Ἰ

251 821 331 878 tifieis
355 822 475 878 famosos
498 820 620 882 libellos,
650 839 711 877 enm
739 820 961 876 reverendissima
992 827 1018 875 et
1047 820 1228 877 illustrissima
1251 822 1435 880 dominatione
1456 833 1546 880 vestra

250 907 444 970 conrmentari,
468 907 620 980 prasertim
638 907 710 979 quaed
727 905 895 961 familiaritas
910 906 1023 962 Hutteui
1047 908 1092 979 qrri
1116 908 1345 965 reverendissimae
1368 918 1392 964 et
1417 901 1559 998 illustris·¹

251 994 326 1047 simae
341 991 520 1047 dominationi
537 999 633 1046 vestrae
649 1008 757 1064 semper
776 991 877 1046 curiam
899 992 999 1046 dicitur
1021 1000 1145 1053 secutus,
1169 1001 1196 1047 et
1219 992 1308 1054 locus,
1332 993 1359 1048 fn
1384 1011 1438 1066 qino
1461 992 1546 1050 libelli

251 1076 426 1150 impressioni
448 1077 503 1131 dati
527 1077 650 1137 fuerunt,
673 1077 767 1130 civitas
790 1075 892 1131 scilicet
909 1077 1079 1147 lingendum,
1103 1077 1241 1132 rrvtunullis
1264 1079 1290 1132 iu
1306 1079 1375 1133 Urbe
1392 1095 1445 1133 non
1462 1079 1546 1134 levem

228 1167 347 1218 5contra
370 1161 621 1217 reverendissimam
644 1169 672 1217 et
694 1160 904 1215 illustrissimam
927 1161 1139 1216 dominationem
1160 1171 1275 1217 vestram
1298 1163 1477 1236 suspitionem
1501 1181 1547 1237 pe·

251 1247 383 1321 pererint.
429 1245 505 1318 Apud
528 1246 642 1300 eundem
665 1246 802 1300 dominnm
825 1244 1017 1317 llierouprnuru
1042 1247 1067 1300 iu
1092 1247 1292 1301 excusationem
1314 1248 1546 1321 reverendissimae

251 1340 278 1387 et
301 1330 494 1386 illustrissimae.
517 1330 709 1385 dominationis
732 1337 829 1384 vestrae
858 1329 950 1384 multis
977 1329 1065 1384 verbis
1089 1331 1146 1401 egi,
1176 1332 1291 1404 primurn
1315 1333 1387 1404 iprrrrd
1411 1332 1546 1387 llutteuns

250 1417 353 1473 curiam
378 1415 609 1470 reverendissimae
632 1423 660 1467 et
682 1413 874 1470 illustrissimae
896 1414 1088 1469 dominationis
1113 1424 1208 1469 vestrm
1231 1433 1284 1471 narn
1301 1425 1475 1488 sequeretur,
1501 1434 1547 1471 ne·

251 1518 305 1574 que
328 1517 380 1574 pro
404 1499 530 1554 farniliari
553 1499 586 1554 ab
609 1500 700 1554 eadem
724 1499 832 1554 babitus
856 1499 953 1557 fuerit:
987 1499 1083 1555 deiude
1107 1501 1179 1573 quud
1202 1499 1311 1555 libellus
1335 1500 1379 1556 ille
1401 1501 1547 1573 lllogiintim

218 1591 355 1660 ¹⁰praeter
384 1583 549 1639 voluntatem
579 1601 626 1639 sen
658 1582 797 1639 scientiam
827 1584 1056 1638 reverendissima
1084 1591 1111 1638 et
1140 1584 1332 1641 illustrissimae
1354 1586 1547 1641 dominationis

250 1679 350 1726 restrae
373 1669 469 1724 formis
491 1686 636 1741 expressus
660 1668 756 1730 inierit,
781 1667 820 1723 vel
844 1685 877 1722 eo
900 1669 1013 1723 unanime
1035 1669 1132 1724 eorriici
1155 1670 1257 1742 possit.
1283 1671 1354 1742 qarod
1379 1670 1548 1726 reverendis·

250 1755 319 1809 sima
347 1762 376 1808 et
402 1752 586 1808 illustrissima
614 1753 763 1808 dominatio
792 1761 879 1808 vestra
910 1753 936 1806 iu
967 1761 1024 1807 tota
1047 1753 1187 1808 Geruuania
1218 1756 1311 1809 irruens
1340 1773 1447 1828 serupcr
1476 1755 1547 1809 sedis

251 1837 414 1913 apostolicae
429 1836 541 1910 clypeus
565 1838 662 1899 fuerit,
686 1838 801 1911 eiusque
824 1836 990 1898 libertatem,
1014 1838 1188 1910 dignitatem.
1215 1839 1346 1893 honorem
1371 1848 1451 1912 atque
1474 1856 1547 1893 ervm-

251 1924 362 1978 modum
386 1923 496 1978 fortiter
518 1931 546 1976 et
567 1922 788 1977 constantissime
811 1939 918 1994 semper
933 1923 1081 1976 asseruerit
1098 1929 1239 1994 tutataque
1255 1924 1351 1984 fuerit,
1374 1932 1414 1985 et,
1437 1930 1466 1977 ut
1482 1923 1547 1978 mibi

218 2007 409 2069 tondebatur,
438 2008 504 2061 satis
526 2006 578 2061 sibi
601 2007 739 2062 excrrsatio
762 2007 893 2061 eiusmodi
916 2005 1066 2079 probabilis
1093 2015 1119 2061 et
1149 2007 1317 2062 rationabilis
1346 2026 1395 2080 pre
1423 2026 1548 2063 reveren-

251 2093 364 2148 dissima
394 2099 421 2147 et
448 2091 633 2146 illustrissima
660 2091 845 2147 dominatione
875 2100 961 2146 vestra
985 2091 1139 2147 videbatur:
1170 2092 1348 2158 tluamolueui
1373 2111 1463 2164 operae
1487 2109 1549 2166 pre·

252 2179 320 2232 tium
343 2178 404 2232 fore
427 2194 485 2231 sum
509 2184 597 2238 ratus,
621 2184 799 2249 posteaquam
822 2169 944 2248 ternpore
966 2175 1058 2248 aliquo
1074 2176 1139 2248 'ipse
1162 2178 1231 2249 apud
1254 2178 1505 2232 reverendissimam
1521 2184 1548 2232 et

252 2261 466 2317 illustrissimam
488 2261 701 2316 dominationem
723 2269 839 2316 vestram
863 2261 943 2315 fuerit
967 2269 1163 2322 commoratus,
1188 2267 1218 2314 ut
1233 2262 1314 2317 etiam
1337 2261 1369 2315 ad
1392 2261 1548 2334 pontificem

251 2364 303 2419 pro
335 2345 455 2400 uberiori
484 2346 635 2401 sanctitatis
664 2362 720 2400 suae
747 2346 933 2400 satisfactione
962 2354 989 2400 et
1019 2345 1188 2421 mitigatione
1219 2355 1245 2400 et
1269 2347 1498 2402 reverendissime
1521 2353 1549 2401 et

217 2430 447 2486 avttlnstrissimae
469 2430 662 2485 dominationis
686 2437 781 2486 vestrm
804 2429 975 2484 excrrsatioue
1000 2429 1092 2486 literas
1115 2429 1274 2502 perscribat.
1319 2431 1352 2485 lle
1376 2448 1428 2503 qua
1455 2448 1484 2485 re
1508 2447 1549 2485 re·

251 2515 474 2570 verendissimam
497 2524 524 2570 et
547 2514 759 2570 illustrissimam
781 2515 994 2570 dominationem
1015 2523 1131 2569 vestram
1155 2515 1327 2570 admonuisse
1350 2523 1390 2569 sat
1414 2515 1482 2576 erit.
1505 2515 1548 2570 eui

253 2618 294 2655 me
319 2599 467 2655 bunaillime
491 2608 518 2655 et
541 2598 738 2655 officiosissime
761 2600 928 2655 commendo.
972 2600 1029 2655 Dat.
1052 2600 1149 2661 Reum,
1173 2600 1216 2656 die
1239 2601 1333 2673 quinta
1356 2598 1456 2654 mensis
1479 2599 1547 2654 lulii.

253 2690 332 2740 Aurio
357 2691 433 2744 1520.
1132 2694 1135 2699 '

406 2767 434 2823 E.
458 2769 582 2824 dirimet
603 2767 687 2823 lllmae

219 2860 243 2900 aa
662 2853 688 2907 [l.
713 2852 741 2904 V.

660 2937 769 2992 humilis

660 3021 820 3096 Capelianus

883 3105 1042 3161 Valentinus
1064 3106 1097 3161 de
1121 3105 1267 3162 Teteleben
1289 3107 1397 3161 flector.

319 3193 393 3248 llmae
416 3192 443 3245 in
466 3191 525 3265 Xpo
548 3192 619 3264 patri
644 3188 669 3247 dr
691 3191 768 3245 lllmo
800 3191 915 3263 principi
944 3198 971 3244 et
995 3190 1051 3245 [luo
1074 3190 1130 3245 fluo
1154 3190 1266 3246 alberto
1290 3191 1321 3246 u·
1345 3189 1435 3245 Sancti
1457 3188 1550 3245 Grise-

218 3282 244 3323 30
319 3277 385 3349 goni
401 3277 428 3331 S.
444 3277 492 3332 lto.
509 3275 572 3332 Eel‘.
588 3275 715 3332 Presbro.
753 3275 886 3330 Cardiuali
902 3274 1052 3330 Gerananiae
1068 3275 1179 3330 Primati
1197 3272 1222 3330 lb
1239 3275 1312 3331 Sacri
1328 3275 1403 3330 Rom.
1442 3273 1550 3348 lmperii

317 3361 438 3435 Principi
461 3359 578 3423 Electori
602 3357 628 3416 tt
650 3360 762 3414 [termino
785 3377 845 3415 meo
870 3359 1123 3414 observandissime.

271 3659 494 3693 wrrrnnassaoar.
789 3623 1020 3700 CLXXVII.
1237 3657 1305 3691 rosa
1319 3659 1346 3691 nt.
1361 3658 1418 3693 Iun.
1433 3658 1458 3692 Α.
1474 3651 1532 3691 tato.

794 3782 917 3823 OPTIMO
941 3781 1018 3822 VIRO

629 3861 773 3911 DOMINO
793 3862 958 3913 GEORGIO
978 3860 1182 3913 SPALATINO

678 3949 830 3990 Parnono
856 3947 916 3991 svo
940 3952 982 3990 ae
1005 3950 1133 3991 nonirno

647 4030 832 4110 [PHlLlPPl'S
853 4035 1100 4091 lllELdNCll'l'llON
1122 4030 1164 4110 S.]

342 4171 432 4233 Salve,
462 4170 497 4225 mi
525 4171 663 4227 carissime
692 4169 829 4244 Spalatine
853 4213 1048 4225 .........
1093 4170 1171 4225 lllitto
1193 4170 1354 4225 Erasmicam
1377 4176 1405 4223 et
1427 4169 1551 4224 llutteni·

255 4276 313 4313 cam
344 4256 488 4331 epistolas,
519 4262 549 4338 ut
571 4254 669 4309 videas.
716 4254 794 4309 Vides
821 4255 854 4310 de
882 4255 998 4310 llartino
1026 4255 1140 4310 alterum
1169 4253 1243 4308 orbis
1271 4253 1403 4313 universi.
1434 4252 1549 4308 alterurn

821 4362 987 4371 ——-

256 4406 417 4457 CLXXVII.
437 4403 543 4467 Corpus
554 4402 775 4453 Reformatorem
789 4402 1062 4452 ed.Bretscimeider,
1081 4399 1140 4449 Vol.
1155 4400 1176 4448 I.
1190 4399 1254 4448 Hal.
1270 4396 1342 4448 1834.
1355 4398 1391 4448 4⁰.
1405 4416 1430 4463 p.
1444 4398 1550 4465 ‘illlam

449 4505 474 4537 n.
488 4487 530 4536 87.
551 4486 623 4549 (‚,Ex
643 4487 816 4552 autographo
835 4488 864 4534 in
883 4485 948 4535 Cod.
968 4485 1054 4534 Basti.
1074 4486 1105 4532 F.
1121 4483 1177 4531 101.
1193 4484 1272 4546 epist.
1287 4481 1359 4545 W)

325 4624 336 4656 ⁹
354 4624 466 4674 libellus
485 4620 543 4687 ille]
564 4622 670 4686 dialogi
681 4622 806 4671 Fortuna
824 4627 887 4678 ete,
907 4636 942 4670 cx
961 4619 1048 4685 paribus
1066 4619 1147 4668 Trina
1160 4618 1286 4667 Romano
1298 4620 1495 4670 Romanenaibuo
1507 4623 1550 4671 rui-

257 4713 321 4759 nime
336 4712 442 4772 placere
460 4713 551 4771 potnit.
608 4703 629 4737 ²⁹
647 4702 690 4769 tv]
710 4708 846 4755 delituit
867 4705 902 4754 H.
919 4706 1026 4753 (lerdee.

324 4792 347 4824 ³⁷
366 4793 485 4841 Hutteni
510 4792 545 4840 ad
564 4791 715 4840 Luthernm
735 4788 874 4837 d.⁴t.1nn.
894 4790 1028 4853 scriptam
1047 4804 1089 4852 ep.
1104 4802 1186 4852 quem
1205 4802 1288 4851 snpra
1306 4805 1332 4852 p.
1347 4788 1405 4838 355.
1420 4804 1460 4853 eq.
1476 4790 1550 4863 exbi-

256 4878 373 4934 bnimns,
387 4874 455 4926 vult.
475 4875 648 4926 Eresmieam
662 4879 755 4924 antem
769 4873 804 4922 ael
817 4874 959 4922 Albcrtum
969 4874 1042 4935 Meg.
1059 4871 1192 4920 ‘nonnihil
1202 4874 1236 4921 D.
1247 4873 1361 4922 Martini
1374 4873 1491 4922 Lutheri
1504 4890 1551 4923 ne-

256 4964 373 5030 gocium‘
394 4962 592 5027 attingentem,
611 4959 721 5009 Lovani
740 4954 1046 5008 eatefi.n0v.a.1ottt.
1067 4957 1213 5023 scriptam,
1235 4973 1260 5006 a.
1276 4955 1350 5008 1520.
1368 4955 1548 5023 publicatam.
