3917 5950
408 607 456 678 44
661 623 760 673 XXVI.
785 638 908 674 nvrrsru
921 637 959 673 an
972 637 1064 673 recor.
1078 600 1166 674 rocus
1179 640 1222 675 ur.
1236 641 1262 675 ι).
1278 633 1310 674 1³.
1319 640 1377 677 rrn.
1393 633 1450 676 tata.

406 794 482 854 dinis
504 801 646 871 praetcrea
674 812 742 853 cum
770 811 834 852 esse
856 791 1058 852 Francolordii
1086 792 1168 854 illum
1197 803 1226 854 et
1254 795 1339 856 simul
1363 795 1541 874 Capnionem
1569 815 1604 854 ac
1626 794 1698 854 ller-

408 914 547 955 mannum
571 896 730 955 liusclrium
754 892 958 963 intellexisset,
989 895 1175 972 cupidissime
1203 915 1238 955 oo
1267 898 1424 966 concessit;
1459 896 1564 958 accidit
1591 902 1697 962 tannn,

408 1004 521 1058 utnon
545 997 656 1057 villerot
678 996 847 1056 Erasmum:
874 1013 1024 1074 namquo
1047 998 1094 1057 die
1117 997 1313 1068 Socraticum,
1337 1006 1370 1059 ut
1391 983 1457 1077 ipse'
1476 997 1606 1065 terebat,
1630 1016 1698 1056 crin·
1752 1050 1756 1056 .

407 1099 512 1159 virium
534 1097 708 1176 apparabat,
738 1103 894 1158 vocaturus
920 1099 1088 1177 quicunque
1109 1100 1173 1159 istic
1196 1099 1337 1177 politioris
1357 1099 1516 1162 literaturae
1538 1107 1699 1168 assertores

409 1206 520 1268 essent,
549 1198 654 1260 morbo
682 1198 786 1260 calculi
807 1198 986 1276 praepeditus
1008 1208 1052 1260 est
1077 1208 1106 1260 et
1128 1201 1203 1262 lorte
1224 1203 1358 1280 sequenti
1380 1202 1426 1263 die
1457 1202 1527 1261 abiit
1549 1201 1720 1261 Erasmuss

339 1302 487 1364 §.mundo
509 1301 579 1360 mibi
601 1303 770 1363 succensuit
790 1307 902 1379 postea,
925 1301 984 1378 qui,
1007 1300 1084 1363 illius
1106 1302 1216 1364 abitum
1238 1304 1403 1382 praesciens,
1428 1321 1486 1363 non
1509 1304 1696 1370 monuissem,

409 1422 444 1463 ae
466 1402 664 1480 ‘liispeream',
687 1403 789 1481 inquit,
813 1402 847 1461 ‘si
863 1421 992 1480 unquam
1015 1402 1165 1464 molestior
1186 1404 1257 1465 mihi
1280 1403 1414 1492 calculus·
1430 1405 1492 1472 luit,
1516 1403 1698 1482 hospitaliter

279 1556 283 1562 .
339 1514 357 1563 t.
365 1515 397 1559 u.
408 1512 566 1590 accepturo
589 1524 656 1566 eum
678 1494 790 1573 virum,
821 1522 880 1582 quo
910 1505 1051 1565 maiorem
1078 1523 1138 1564 non
1166 1505 1255 1566 habet
1283 1506 1457 1567 Germania’
1500 1505 1580 1565 lnter
1610 1503 1697 1565 eollo-

407 1606 557 1685 qnendum
580 1625 647 1666 cum
669 1606 706 1666 de
729 1604 875 1686 equitibus
896 1606 1051 1666 Germanis
1071 1608 1246 1668 sermonem
1262 1626 1347 1668 orsus
1375 1607 1485 1667 ‘nostri'
1512 1607 1623 1667 ordinis
1646 1606 1697 1665 ho·
1779 1684 1783 1690 .

407 1708 501 1770 minos
522 1709 668 1777 dixissem,
692 1707 827 1769 ‘Utriusl'
856 1709 909 1776 ait,
942 1708 1106 1785 intercepto
1127 1726 1279 1777 sermone,
1314 1709 1467 1787 ‘equestris
1495 1727 1533 1768 an
1561 1707 1733 1767 literariitro

338 1822 396 1871 tu.
407 1827 475 1870 nani
497 1810 584 1870 huius
607 1817 636 1869 et
657 1809 733 1870 illius
755 1809 876 1870 sumus!
894 1819 898 1825 “
920 1809 950 1869 Si
964 1828 1052 1887 quem
1068 1828 1103 1869 ex
1117 1809 1314 1886 optimatibus,
1337 1811 1388 1890 qui
1401 1809 1501 1870 literas
1515 1828 1575 1869 non
1589 1815 1696 1875 nosset,

362 1993 364 1995 ι
407 1910 518 1973 laudan
541 1911 807 1980 animadvertisset,
841 1911 928 1970 buius
949 1911 1042 1970 aetatis
1064 1929 1128 1971 esse
1150 1911 1261 1980 aiebat,
1296 1930 1391 1990 neque
1418 1912 1511 1972 enim
1528 1930 1593 1989 quae
1616 1912 1698 1987 prim

338 2020 469 2074 §.ttacta
491 2020 560 2073 sunt
581 2014 672 2081 scire,
703 2031 801 2091 neque
823 2013 999 2090 posteritatis
1021 2013 1163 2072 rationem
1186 2012 1305 2075 habere.
1360 2013 1439 2075 Pene'
1467 2014 1553 2074 etiam
1576 2011 1698 2071 moleste

406 2115 534 2184 ferebat,
558 2116 582 2174 si
604 2115 669 2192 cquis
690 2133 707 2173 a
729 2115 801 2174 senii
823 2114 1030 2192 predicatione
1053 2112 1287 2176 commendasset
1308 2116 1492 2195 quempiam,
1516 2121 1585 2173 ‘tam
1608 2112 1698 2173 brcri'

404 2218 540 2296 inquiens
568 2223 711 2292 ‘tempore
740 2216 837 2275 omnia
860 2211 986 2276 didicitt·
1015 2214 1091 2275 Olim
1118 2217 1188 2276 item
1216 2217 1370 2277 iactantius
1399 2235 1432 2278 ea
1455 2234 1488 2276 re
1511 2215 1643 2276 efferenti
1665 2232 1731 2273 sors

405 2319 521 2380 cuidam
544 2317 662 2377 blarclro
686 2318 775 2394 equiti
797 2317 964 2394 respondit,
987 2316 1114 2377 duorum
1137 2325 1187 2378 aut
1208 2319 1297 2379 trium
1320 2316 1431 2378 milium
1454 2335 1615 2386 annorum,
1638 2335 1696 2375 non

404 2420 587 2497 septuaginta
609 2425 659 2477 aut
681 2418 846 2494 octuaginta
868 2419 980 2478 senium
1004 2436 1138 2496 quaerere
1159 2437 1206 2488 se,
1229 2419 1265 2479 ad
1287 2419 1439 2480 literarum
1461 2418 1602 2480 beneficia
1625 2417 1696 2477 allo·

336 2521 487 2582 tradens.
532 2520 687 2597 Nunquam
716 2537 775 2578 non
804 2520 879 2580 inter
907 2505 1110 2597 equitandum¹
1126 2538 1161 2579 ex
1184 2521 1360 2582 doctissimis
1387 2520 1514 2599 aliquem
1545 2518 1697 2580 autoribus

404 2641 505 2683 secum
535 2621 651 2690 babuit,
685 2604 782 2699 noque
809 2622 872 2681 sine
900 2619 984 2680 libris
1010 2620 1115 2680 vidisse
1141 2622 1275 2692 memini,
1309 2621 1433 2683 alterum
1462 2622 1518 2683 hoo
1545 2640 1695 2682 armorum
1730 2643 1734 2652 ·

403 2741 498 2808 genus
519 2720 730 2800 appellantem:
759 2721 904 2783 insoluta
927 2722 1059 2782 oratione
1082 2721 1185 2783 dilexit
1205 2723 1332 2794 livium,
1362 2742 1397 2785 ex
1419 2724 1514 2802 poetis
1536 2730 1603 2801 post
1626 2723 1731 2782 Ver-eo

404 2824 505 2903 gilium
525 2825 643 2886 Lucano
666 2824 754 2885 dabat
776 2842 906 2902 operam,
930 2824 1013 2884 cuius
1035 2842 1138 2884 omnes
1160 2828 1308 2887 orationes
1329 2845 1365 2887 ao
1386 2825 1534 2904 catalogos
1555 2826 1695 2885 memoria

317 2926 664 3006 'encomplectebatur
716 2926 789 2988 Cum
811 2926 929 3005 qnidam
953 2945 987 2987 er
1010 2927 1104 2988 doctis
1126 2926 1227 2988 adiens
1249 2926 1330 2990 illum
1352 2935 1465 2998 oraret,
1494 2945 1532 2989 ne
1555 2927 1612 2988 boc
1634 2946 1696 2988 mo·

335 3048 393 3098 §.ta
404 3029 477 3092 leste
498 3031 661 3108 acciperet,
692 3030 839 3090 neminem
860 3030 979 3091 doctum
1002 3029 1157 3091 molestum
1179 3029 1234 3090 sibi
1256 3049 1321 3092 esse
1342 3029 1467 3091 dicebat.
1511 3029 1575 3090 Non
1606 3029 1695 3090 semel

403 3131 474 3193 milri
497 3131 667 3193 familiarius
688 3132 844 3192 conterens
865 3124 960 3191 lassus
984 3140 1028 3191 est
1049 3132 1192 3209 poenitere
1214 3150 1247 3192 se
1274 3133 1353 3211 quod
1382 3149 1510 3210 unquam
1538 3132 1599 3192 suis
1627 3150 1694 3190 con·

401 3235 472 3296 siliis
507 3235 668 3295 induxisset
695 3233 875 3294 loachimum
903 3232 1101 3294 llarchionem
1129 3233 1166 3293 ad
1195 3234 1401 3296 instituendam
1430 3232 1729 3294 Francolurdieuscrs

403 3337 595 3416 gymnasium,
618 3338 756 3414 quoniam
778 3336 815 3397 ab
838 3335 961 3397 indoctis
984 3336 1076 3399 doctis
1098 3335 1258 3415 possideri,
1286 3354 1346 3396 non
1374 3336 1516 3396 aGraecc
1545 3341 1574 3394 et
1596 3335 1696 3394 Latine

334 3438 539 3506 §.toeruditis
573 3445 605 3498 ut
631 3439 694 3515 ipse
721 3439 936 3517 proposuisset,
970 3436 1064 3499 excoli
1089 3446 1232 3499 cerneret.
1276 3436 1440 3516 Aliquando
1467 3437 1602 3514 aperiens
1632 3455 1695 3497 ver-

401 3539 490 3599 bosas
511 3539 662 3600 cuiusdam
685 3538 866 3618 tlieologistae
888 3540 923 3600 ad
945 3558 978 3599 se
997 3538 1110 3608 literas,
1132 3538 1208 3599 lecto
1229 3540 1260 3599 in
1282 3537 1455 3599 salutatione
1477 3537 1695 3607 illiusnomiue‚

401 3640 652 3726 cui,adscriptum
675 3649 738 3701 erat
760 3652 861 3702 ‘sacrae
883 3640 1036 3719 theologie
1058 3640 1180 3709 doctor',
1208 3640 1333 3702 ‘Utinam
1355 3641 1460 3701 doctus
1482 3639 1580 3709 esses',
1602 3641 1696 3718 inquit

330 3794 332 3798 .
401 3742 579 3821 dimovitque
601 3742 637 3803 ah
666 3761 712 3811 se,
746 3760 806 3802 uon
829 3761 893 3803 esse
920 3743 1011 3802 otium
1038 3742 1155 3813 dicens,
1191 3750 1223 3803 ot
1250 3741 1397 3820 pellegere
1426 3742 1519 3820 possit
1546 3741 1729 3803 illiteratasao

334 3852 393 3902 §.tt
402 3842 519 3913 literas,
543 3852 572 3904 et
586 3863 635 3904 cas
651 3852 710 3903 tam
725 3845 925 3921 arroganteis.
959 3844 1090 3923 fugiebat
1111 3845 1188 3906 enim
1210 3846 1385 3923 arrogantiae
1406 3845 1584 3922 opinionem,
1608 3853 1694 3923 atque

403 3946 491 4024 igitur
523 3964 539 4006 a
562 3946 676 4007 Caesare
698 3944 893 4005 llarimiliano
920 3955 1040 4024 accepta
1068 3944 1164 4008 laurea
1191 3944 1334 4007 salutatus
1362 3945 1479 4024 ‘Orator
1508 3953 1536 4006 et
1557 3946 1694 4007 lurecon·

256 4128 261 4137 Ο
401 4045 504 4129 sultus'
527 4065 585 4107 non
609 4046 704 4108 solum
726 4066 786 4107 non
808 4048 959 4126 usurparit
981 4048 1045 4126 ipse
1066 4048 1120 4109 bos
1141 4048 1254 4119 titulos,
1277 4048 1330 4109 sed
1353 4056 1382 4109 et
1404 4048 1513 4109 lactum
1535 4047 1572 4108 ab
1595 4050 1695 4108 amicis

331 4150 460 4211 §.sslioc
480 4149 646 4211 accusabat.
682 4149 773 4210 Recte
794 4150 932 4228 pietatem
954 4149 1085 4221 colebat,
1108 4152 1345 4229 superstitionem
1367 4168 1474 4211 exosus
1490 4150 1692 4210 intensissime.

402 4252 490 4313 Forte
517 4254 633 4313 fortuna
660 4251 843 4313 coenantibus
865 4252 950 4313 nobis
971 4252 1009 4313 dc
1032 4252 1120 4312 Croto
1141 4252 1292 4323 Rubiano,
1315 4253 1434 4340 quicum
1458 4253 1527 4313 mibi
1551 4271 1567 4312 a
1590 4254 1726 4329 prirniss

401 4374 494 4434 usque
516 4356 599 4415 annis
621 4353 804 4415 consuetudo
827 4354 881 4415 luit
910 4354 1082 4433 singularis,
1114 4354 1215 4416 incidit
1240 4373 1356 4425 sermo,
1391 4372 1519 4432 cumque
1548 4354 1587 4414 illi
1618 4356 1694 4415 carie

400 4458 638 4518 commendarem
660 4466 789 4519 veterem
804 4457 932 4518 amicum
948 4465 978 4518 et
996 4457 1135 4518 dixissem
1153 4456 1229 4517 inter
1248 4464 1354 4519 caetera
1376 4454 1529 4535 obliquum
1543 4457 1574 4516 iu
1592 4475 1694 4535 super-

467 4699 761 4752 ¹Francofurdii2.3.
787 4700 1171 4769 Cl.ErasmiSpong.§.377.
1241 4700 1496 4767 ”virgilianam
1566 4701 1587 4735 ²¹
1607 4702 1693 4754 etat.

399 4781 422 4815 ²⁵
440 4784 719 4835 Francoiurdiensem
732 4787 860 4837 Sabotam
874 4786 921 4839 3¹¹.
973 4788 995 4820 ²⁸
1013 4787 1163 4854 possideri,
1177 4787 1250 4837 hanc
1262 4803 1315 4837 non
1329 4790 1355 4837 3.
1407 4786 1430 4820 ὓ
1448 4790 1561 4849 Doctor‚
1579 4792 1693 4851 rectius,

400 4869 503 4933 iuquit,
522 4870 620 4919 doctus
638 4885 726 4933 esses,
746 4868 794 4922 3¹¹.
847 4872 870 4905 ³⁰
888 4872 1017 4939 perleget
1029 4871 1077 4923 3¹¹.
1106 4911 1111 4922 .
1135 4870 1156 4904 ⁸¹
1176 4872 1272 4938 lug...
1285 4871 1453 4939 opinionem]
1471 4874 1605 4923 Inimicus
1622 4877 1694 4925 enim

401 4957 462 5002 erat
479 4970 547 5016 arn,
567 4954 647 5005 cuius
663 4971 707 5020 op.
725 4956 759 5007 de
776 4972 807 5007 so
825 4957 955 5023 fugiebat
970 4960 1071 5011 studio.
1085 4954 1135 5008 3⁸.
1204 4956 1228 4990 ³⁵
1243 4956 1322 5023 mibi]
1335 4964 1366 5009 ut
1377 4960 1449 5023 scia,
1466 4960 1530 5011 aaa
1544 4955 1593 5009 3¹.
