3917 5950
637 618 674 668 11.
695 634 730 668 nr
749 634 873 669 uvrrrur
892 630 1138 687 niceannvurnrv.
1159 631 1184 666 n.
1204 623 1263 667 totto.
1576 608 1598 675 7

298 800 330 851 ut
345 801 399 855 est,
422 792 555 867 seqnitur.
578 799 609 848 nt
630 799 708 848 sesto
731 791 901 864 insequentis
916 790 1008 847 saecuti
1024 807 1095 845 anno
1112 789 1188 846 Xb'lli
1203 791 1328 847 babuerit
1350 809 1444 846 anuos.
1479 793 1599 851 Goloniae

296 896 361 935 enm
384 878 470 953 prim,
493 894 573 952 qnam
590 876 798 933 francofurtum
819 875 925 937 abierit,
948 874 1062 947 gradum
1084 875 1152 931 t‘tiit.
1173 876 1322 950 accepisse,
1346 895 1478 951 nusquam
1501 878 1597 936 saltem

296 962 383 1037 legra

365 1078 520 1128 Hnttenum
538 1076 613 1125 inter
630 1075 755 1127 alumnos
772 1073 874 1125 eebolae.
893 1072 1123 1124 Frnnoofurtonae
1143 1075 1229 1125 fuisse
1247 1075 1301 1140 ipsi
1320 1075 1385 1126 buio
1407 1076 1469 1126 urbi
1488 1079 1596 1128 uuiver-

230 1163 237 1175 '
296 1164 433 1229 sitntique
451 1160 607 1219 litterarum
625 1160 669 1210 vel
688 1166 778 1225 poetae
798 1142 940 1225 sequentib
959 1160 1091 1224 temporis
1110 1158 1185 1209 laudi
1205 1160 1374 1221 adscribunt,
1394 1166 1424 1209 ut
1436 1160 1555 1212 Sotiinus
1570 1168 1598 1213 et

295 1244 463 1298 Schosserus
481 1245 529 1294 ubi
547 1244 581 1295 de
600 1244 678 1295 fonte
697 1245 878 1306 incantante,
899 1244 1085 1294 Stetnbruoueu
1096 1249 1208 1307 vocant,
1229 1246 1307 1309 quiesi
1321 1245 1355 1295 de
1369 1246 1486 1311 quadam
1498 1246 1595 1313 hippo-

296 1348 385 1384 crene
402 1330 489 1382 verba
508 1330 625 1380 iaciunt.

383 1436 536 1510 Elegiarum
552 1435 645 1511 itaque
660 1434 706 1489 tib.
723 1434 763 1490 bl.
780 1433 814 1490 ei.
833 1442 873 1496 13.
898 1435 947 1496 „att
965 1434 1003 1490 ib.
1020 1435 1170 1509 principum
1186 1435 1349 1491 ioacbimnm
1364 1435 1393 1491 ll.
1415 1436 1595 1494 biarcbionem

294 1520 585 1595 brandenburgensem
600 1520 634 1576 rte
649 1520 802 1576 instaurato
818 1519 960 1593 gyurnasio
976 1519 1235 1582 Francoforrliano“‚
1259 1520 1331 1577 inter
1346 1521 1413 1577 mira
1428 1521 1461 1578 de
1477 1522 1532 1578 situ
1547 1541 1595 1597 op-

294 1608 351 1685 pidi
367 1606 497 1683 predicat

779 1737 941 1779 ononorvs
966 1737 1113 1778 suumve.

511 1857 538 1897 oo
560 1842 613 1899 b'ee-
628 1841 722 1916 btpnidi
737 1842 836 1896 desunt
852 1841 942 1895 tontes
959 1840 1004 1914 qni
1022 1858 1158 1896 murmure
1174 1858 1256 1896 raueo

627 1928 679 1982 Per
694 1928 757 2000 iuga
773 1925 910 1982 frondenti
926 1926 1032 1981 consita
1047 1926 1101 1981 vite
1118 1926 1212 1981 tinunt.

556 2013 639 2069 Actus
654 2012 687 2067 ab
703 2011 831 2067 umbrosa
847 2028 896 2083 per
911 2028 1024 2065 aceruos
1041 2009 1107 2065 rabo
1123 2009 1229 2066 canales

627 2097 699 2153 Fons
715 2097 769 2151 ruit
785 2113 815 2152 ae
830 2094 923 2151 dulces
939 2094 1088 2151 eiaculatur
1103 2112 1201 2168 aquus:
1244 2092 1249 2101 '

555 2182 617 2239 lude
633 2182 706 2256 qnod
721 2197 867 2255 erumpens
882 2180 996 2254 pulebro
1011 2179 1076 2234 bunt
1092 2180 1175 2241 unda,
1196 2180 1300 2236 vocavit

509 2280 535 2322 oo
633 2266 783 2323 Callirrhoe
798 2266 901 2321 fontem
918 2265 1027 2322 nomino
1041 2264 1162 2338 Nympha
1177 2281 1236 2321 suo.

554 2354 607 2409 Neo
621 2353 710 2408 minus
726 2351 821 2406 iiarrsta
837 2367 929 2406 saeros
945 2350 1002 2405 bueo
1017 2348 1100 2405 efficit
1116 2349 1186 2404 uncta
1201 2356 1298 2423 pootns

624 2436 708 2505 Quam
724 2436 764 2491 rel
780 2436 917 2509 Gorgonei
933 2435 995 2491 [iius
1010 2433 1163 2490 celebratus
1178 2434 1256 2509 equi:

556 2522 627 2579 bane
642 2521 768 2577 Eobanus
783 2538 879 2594 aquam
895 2520 964 2575 bibit
979 2520 1095 2582 bessus,
1119 2528 1147 2575 et
1161 2538 1223 2577 aner
1238 2519 1332 2577 eodem

623 2607 726 2663 bieitur
740 2606 875 2661 tluttenus
892 2606 967 2661 tonte
984 2603 1088 2661 levasse
1103 2605 1185 2661 sitim.

509 2705 536 2747 ³⁵
558 2692 689 2749 Fontibus
704 2691 771 2747 adite
786 2690 860 2747 lacus
878 2732 1001 2744 ......

648 2790 758 2853 (Totam
772 2788 893 2853 elegiam
909 2788 1023 2853 repetiit
1040 2789 1124 2837 etiam
1137 2788 1332 2839 Beokmannue
1350 2790 1378 2838 in
1394 2789 1490 2852 §utne
1500 2788 1589 2854 Demo.

715 2858 764 2921 &tr
775 2854 858 2920 ‘Rittu
870 2853 937 2920 ΗΜ.
952 2858 1012 2914 Stat
1025 2853 1064 2922 Ji
1077 2869 1100 2908 o.
1111 2862 1135 2908 b.
1151 2855 1186 2908 Θ.
1206 2855 1280 2906 1706.
1300 2857 1347 2907 sol.
1366 2874 1393 2922 p.
1406 2856 1448 2907 26.
1457 2857 1509 2922 sq.)

598 3029 815 3102 oansrmuvs
839 3028 1044 3072 sebossmtvs
1068 3006 1214 3094 [ioannis
1237 3008 1278 3090 rt]

739 3133 768 3188 br
783 3132 886 3207 Xyioou
902 3132 1147 3189 Francosurtanum

635 3236 714 3292 quem
731 3218 812 3291 vulgo
828 3218 930 3274 fontem
946 3227 1089 3292 pumturum
1106 3218 1255 3273 nominant.

553 3337 635 3398 Fons‚'
647 3336 733 3391 Clario
750 3337 892 3392 reeiueudo
909 3336 966 3410 bra
981 3336 1046 3392 mibi
1062 3337 1194 3398 earmino,
1218 3335 1299 3399 sabe,

621 3421 695 3478 Unde
711 3420 802 3477 serunt
817 3430 922 3495 patrem
938 3439 1010 3494 saepe
1026 3421 1127 3476 bibisse
1143 3440 1244 3478 meniu:

534 3509 590 3564 .Tu
605 3506 688 3562 binsis
702 3524 732 3562 es
747 3514 825 3579 grata
841 3506 918 3579 quies
934 3513 962 3560 et
977 3505 1082 3561 ratibus
1098 3525 1171 3568 aura.

505 3610 517 3649 t
618 3591 731 3648 Nectaro
746 3608 816 3664 quos
832 3609 939 3647 recreas
954 3608 1079 3664 «putrisque
1095 3609 1192 3665 sapore
1208 3592 1293 3647 sores.

551 3677 655 3752 Saepius
671 3677 714 3733 bie
729 3676 818 3732 tleites
834 3676 967 3749 viridique.
983 3675 1117 3730 Huttenus
1134 3677 1160 3731 in
1176 3676 1271 3736 umbra

623 3762 760 3836 Insignem
774 3761 882 3835 plectro
896 3755 1064 3835 personuere
1079 3760 1174 3834 lyram.

551 3847 705 3904 ilaslobium
715 3856 824 3903 taceam
840 3847 886 3920 qui
901 3846 988 3902 vietus
1003 3863 1114 3902 innuere
1130 3848 1217 3902 somni

505 3947 518 3988 o
620 3933 657 3988 Te
672 3949 759 4007 prope
775 3931 935 4006 procubuit,
961 3939 986 3986 te
1002 3930 1139 3988 relevante
1154 3932 1246 3988 sitim?

550 4019 590 4075 Tu
605 4017 658 4073 leui
673 4015 767 4073 ultrices
783 4017 887 4073 imbreis
903 4033 1041 4072 murmure
1056 4033 1168 4073 somnos

619 4102 653 4158 Et
667 4102 773 4176 praebes
788 4101 886 4157 studiis
902 4102 956 4156 otiu
973 4110 1050 4174 grata
1065 4102 1141 4157 meis.

550 4188 690 4246 0ntinnm
706 4204 844 4262 nunqnam
861 4194 901 4248 to,
925 4186 987 4242 tons
1003 4187 1141 4250 smonnde,
1164 4204 1294 4248 carerem,

418 4317 422 4324 .
496 4287 519 4327 ιτ
622 4273 643 4326 0
656 4273 760 4329 utinam
776 4273 864 4330 doctis
880 4289 952 4346 sape
967 4272 1074 4344 rigerer
1089 4272 1175 4346 aquis.

551 4359 594 4415 Sis
611 4358 687 4422 felix,
710 4358 809 4433 Xyloe.
833 4375 940 4432 semper
955 4357 1093 4430 Musisque
1109 4364 1240 4418 sacratus,

622 4443 655 4501 Ut
669 4441 773 4501 Clarius
790 4445 880 4500 foveas
896 4442 1058 4514 erudiasqne
1075 4441 1155 4496 viros,

968 4538 1020 4601 (Ex
1037 4538 1208 4588 Beokmann.
1228 4538 1246 4586 l.
1262 4554 1285 4586 e.
1300 4554 1326 4602 p.
1339 4536 1381 4586 32.
1395 4537 1447 4603 sq.)

352 4680 377 4713 ¹¹
397 4679 551 4761 Gorgoniei
563 4678 667 4730 Becker.
720 4675 741 4709 ¹⁰
759 4676 815 4727 otio
834 4676 921 4725 Beem.

737 4929 1129 4944 *—
