3917 5950
528 633 626 685 xxm.
652 648 776 685 anunm
787 647 825 683 ao
837 610 930 684 incon.
943 646 1032 683 eveus
1045 648 1088 682 ae.
1102 647 1128 682 o.
1143 639 1175 681 1³.
1189 647 1247 684 wa.
1261 639 1321 681 toto.
1443 634 1451 675 ·.
1526 620 1575 692 43

277 804 452 871 accedente,
476 820 514 864 ne
535 804 746 882 impedimento
769 821 879 871 essem:
909 808 938 862 at
959 800 1008 862 ille
1030 810 1132 863 contra
1154 822 1232 882 saepe
1253 803 1373 863 fortuito
1401 802 1498 882 aliquo
1526 822 1575 865 oo-

277 924 368 967 cursu
398 913 502 968 nactus
531 904 626 965 ‘Ades'
650 906 757 984 inquit,
791 904 909 982 ‘aliquid
939 905 1080 965 bonarum
1107 906 1210 965 studiis
1237 907 1346 966 nostris
1375 905 1573 966 subimabon'

278 1007 427 1069 Ferobino
449 1007 576 1069 llntteno
605 1007 683 1067 affini
712 1024 779 1066 meo
807 1006 837 1065 in
864 1007 1011 1084 quendam
1039 1007 1195 1087 doqtomm
1223 1008 1375 1068 bominum
1398 1006 1634 1069 conveniunto

278 1110 454 1189 producenti
476 1128 524 1169 me
550 1126 585 1169 ac
606 1108 713 1169 dicenti
736 1107 902 1171 ‘Ilioneus
924 1116 982 1177 ost,
1006 1108 1152 1178 ltelvolle'‚
1176 1111 1221 1169 ‘At
1241 1127 1299 1169 non
1315 1111 1413 1169 minus
1427 1117 1457 1170 ot
1470 1110 1573 1179 meus,

241 1226 255 1267 s
277 1213 332 1281 ait,
362 1211 399 1271 ad
422 1212 587 1272 animorum
610 1212 846 1272 coniunctionem
869 1211 1002 1271 reserans
1035 1212 1113 1288 qnod
1142 1211 1189 1272 ille
1218 1212 1255 1281 do
1277 1212 1426 1290 sanguinis
1453 1214 1573 1290 propin·

277 1313 390 1393 quitate
411 1314 631 1391 significaverat.
676 1312 839 1392 Aliquando
861 1311 898 1373 ab
921 1311 1041 1373 dlberto
1064 1293 1195 1391 prim-ipe
1217 1316 1348 1373 umneris
1370 1312 1435 1372 loco
1456 1313 1501 1374 ct}
1523 1321 1641 1375 aaa-tu.

278 1432 347 1475 reos
369 1414 405 1475 ad
428 1434 476 1475 me
498 1415 631 1489 reterens
653 1414 717 1476 ‘liat
739 1414 804 1475 boc’
827 1415 920 1491 inquit
943 1414 1044 1474 dicens
1065 1416 1122 1474 tuis
1144 1415 1299 1493 prinoeps'.
1342 1414 1486 1476 Simalio
1508 1416 1572 1477 aula

278 1516 376 1577 locum
398 1517 618 1594 impetraverat,
642 1516 692 1577 nbi
715 1535 750 1575 ex
773 1514 852 1575 ltalia
876 1515 1037 1576 recliissem.
1082 1504 1242 1576 donabatue
1264 1515 1300 1575 ab
1324 1535 1359 1574 eo
1376 1518 1507 1594 pdnoipe
1522 1519 1640 1603 adaia.

278 1618 400 1678 modum
421 1618 524 1688 urtice,
548 1618 641 1679 lectus
663 1618 701 1678 ob
724 1614 752 1677 id
776 1617 849 1677 atalae
872 1617 1042 1694 proiectus,
1065 1625 1238 1695 poteratque
1260 1618 1337 1695 apud
1357 1617 1439 1678 illum
1455 1626 1487 1679 ut
1501 1638 1573 1697 pau·

241 1719 388 1779 iocissiini
409 1718 551 1787 multum:
579 1718 755 1795 diligebatur
777 1726 806 1780 ot
832 1737 848 1777 a
869 1718 984 1779 Caesare
1004 1718 1212 1786 maximiliano:
1240 1718 1416 1779 llaecbionis
1435 1721 1573 1782 loacbimi

277 1820 369 1882 rebus
390 1838 498 1899 magno
519 1820 688 1881 adiumento
711 1821 772 1881 init.
818 1820 888 1880 Erat
910 1819 1019 1880 laboris
1041 1821 1136 1879 omms
1157 1822 1384 1898 patientissimus
1414 1829 1443 1882 ot
1469 1824 1641 1902 agebattdo

277 1916 376 1983 omnia
397 1922 577 1992 indefessus,
599 1940 696 2001 neqne
718 1924 780 1983 iere
803 1922 936 1982 cessabat
957 1940 1096 1999 namnam.
1142 1929 1171 1982 et
1193 1923 1249 1982 boc
1271 1930 1330 1991 est,
1359 1942 1413 1983 cun
1435 1923 1573 1985 valetudi-

277 2040 347 2084 nem
369 2014 547 2102 negligeret,
570 2025 654 2085 ouius
676 2043 747 2103 ergo
769 2023 893 2084 fideliter
916 2043 932 2083 a
953 2024 1075 2083 medicis
1098 2021 1288 2092 monebatur,
1320 2031 1349 2083 et
1372 2024 1573 2101 ‘olisecntnms

278 2132 359 2193 erat,
381 2124 476 2205 siquid
499 2144 600 2186 amore
622 2127 664 2186 sic
686 2127 780 2188 allecti
803 2144 872 2203 erga
895 2144 927 2185 so
949 2125 1090 2203 principis
1111 2126 1254 2201 potuisset
1276 2126 1436 2203 quiescere.
1481 2127 1573 2187 Nimis
1582 2137 1641 2187 §.tt

241 2226 436 2304 isputabatnr
463 2245 590 2288 uxorum
611 2228 743 2305 imperiis
765 2226 922 2295 obnoxius,
951 2227 989 2286 ob
1013 2225 1177 2286 facilitatem
1200 2234 1321 2287 natmae.
1371 2227 1403 2286 ln
1434 2226 1573 2305 eligendis
1583 2239 1641 2289 aa.

277 2329 379 2389 amicis
400 2330 529 2406 primum
552 2337 581 2390 et
603 2330 728 2389 maxime
750 2329 902 2389 literarum
924 2328 1054 2387 claritate
1077 2327 1258 2397 alienabatur,
1281 2336 1310 2388 et
1332 2328 1466 2389 facillime
1486 2329 1573 2390 talem

278 2430 446 2507 quempiam
468 2430 649 2508 accipiebat.
683 2432 712 2490 in
735 2431 840 2492 delitiis
862 2429 964 2491 baludt
991 2430 1095 2507 siquod
1125 2431 1160 2489 ad
1188 2449 1220 2489 se
1248 2448 1382 2499 carmen,
1416 2440 1466 2491 aut
1491 2433 1574 2511 siqua

278 2529 399 2609 epistola
423 2549 439 2590 a
462 2531 585 2591 doctiori
609 2531 727 2593 bomine
749 2532 948 2593 scribendum
984 2533 1102 2591 nascemini
1130 2532 1277 2611 «petendam
1305 2550 1339 2591 ex
1368 2532 1471 2617 aulicis
1491 2533 1573 2593 nobi·

278 2630 350 2701 lem,
374 2650 513 2709 magnum
535 2633 643 2720 aliquid
666 2634 848 2694 insinuantem
872 2633 1050 2712 aliquamdiu
1073 2635 1269 2711 suspendere,
1293 2634 1363 2694 dnm
1380 2652 1498 2695 cannen
1514 2635 1573 2695 liu·

240 2732 366 2803 ooscbii,
389 2734 468 2812 quod
490 2752 507 2795 a
528 2752 576 2795 me
598 2735 745 2796 redditum
764 2742 926 2813 acceperat,
949 2737 1056 2796 itemm
1072 2743 1159 2813 atque
1174 2737 1279 2796 iterum
1296 2734 1464 2813 pellegcret.
1487 2735 1641 2806 Oaiodtoo.

278 2836 308 2896 in
331 2836 459 2915 quodam
482 2834 564 2898 illum
587 2836 662 2897 libro
685 2845 869 2906 reverenter,
893 2845 925 2897 ut
946 2846 1099 2915 parerat,
1123 2839 1227 2899 allatus
1249 2856 1358 2905 assem,
1382 2837 1439 2897 boc
1456 2855 1487 2895 se
1502 2838 1573 2898 mibi

278 2936 390 3000 debere
412 2939 451 2998 ait
473 2945 503 3000 et
524 2937 657 3001 beneticii
681 2939 746 3001 loco
769 2959 895 3020 paupere:
919 2958 987 3000 nam
1010 2957 1075 3019 qum
1098 2942 1160 3019 ipse
1182 2939 1258 3000 bene
1280 2940 1412 3008 lecisset,
1439 2939 1573 3000 ineundae
1652 2944 1654 2949 '

278 3041 413 3102 amicitiae
435 3043 589 3102 occasione
612 3036 725 3104 iecisse.
770 3043 834 3103 Non
859 3062 961 3121 passus
985 3049 1043 3111 est,
1072 3061 1239 3121 quanquam
1268 3041 1435 3119 splendida,
1470 3050 1501 3101 nt
1523 3041 1642 3108 ibiteo.

279 3141 447 3204 conditione
468 3142 565 3205 oblata
587 3143 686 3213 oliind
695 3145 867 3222 persuaderi
890 3147 975 3214 lineis,
1003 3151 1035 3204 nt
1057 3146 1086 3203 in
1109 3144 1280 3222 religionem
1304 3143 1450 3223 quandam
1472 3145 1573 3222 planci-

241 3245 407 3322 aspiterent
428 3263 491 3314 me,
524 3252 553 3306 et
574 3245 673 3306 abbati
696 3247 810 3307 caddoni
834 3247 863 3307 id
886 3249 982 3324 agenti
1010 3247 1103 3306 ‘Tuane
1126 3247 1199 3315 boc',
1232 3249 1285 3317 ait,
1320 3247 1477 3324 ‘ingenium
1505 3264 1572 3323 pen

278 3347 391 3408 deresl’
415 3347 494 3408 lntec
518 3349 640 3427 eosqui
663 3349 692 3408 in
714 3348 807 3409 literis
829 3350 971 3419 otiantur,
1002 3349 1160 3427 plurimum
1183 3349 1313 3425 suspexit
1329 3347 1491 3408 blutiannm
1514 3347 1641 3415 liu-§.aa

279 3449 356 3518 lum,
387 3468 423 3510 ex
447 3447 579 3528 epistolis
602 3457 631 3510 et
652 3451 815 3512 amicomm
839 3452 1093 3511 conimmulatione
1116 3452 1264 3528 cognitum
1287 3450 1358 3519 sibi;
1387 3449 1571 3529 Vigilantiam
1583 3469 1642 3520 §.aa

279 3551 328 3630 qui
350 3567 429 3611 anno
451 3551 559 3612 abhinc
581 3552 668 3612 tertio
689 3571 706 3611 a
728 3551 892 3613 latronibus
918 3554 947 3612 in
979 3553 1081 3613 Suavis
1108 3553 1261 3612 confossus
1293 3553 1416 3622 interiit,
1453 3552 1576 3612 uocabat

278 3651 495 3714 Gennanorum
520 3653 764 3722 'discitissimnm
793 3654 968 3732 (licebatque
990 3672 1068 3731 sape
1091 3654 1193 3714 audire
1215 3673 1247 3714 se
1271 3654 1469 3732 Vigilantiam,
1500 3672 1573 3716 mm·
1677 3679 1683 3686 ·

241 3766 367 3833 aequam
389 3755 459 3816 satis
480 3755 591 3816 audire.
637 3755 782 3816 Omnibus
803 3757 852 3834 qni
881 3757 957 3833 apnd
987 3774 1041 3815 nos
1069 3774 1188 3816 carmen
1216 3757 1364 3826 scribunt,
1399 3756 1642 3834 peaeierebataao.
1701 3810 1708 3825 ,

278 3855 432 3917 Εεὼαῃιιιῐι
455 3855 590 3927 lleseum,
613 3859 697 3918 onius
719 3856 789 3917 olim
812 3857 928 3936 eclogas
951 3857 1070 3924 viderat.
1094 3876 1189 3935 nuper
1212 3859 1298 3918 etiam
1314 3841 1573 3919 lleeoidumtllni·

278 3957 438 4018 stianarum
467 3976 542 4038 opus
564 3979 612 4020 me
634 3961 784 4020 adurente.
822 3959 944 4020 llnltnm
967 3968 1035 4020 ante
1057 3960 1201 4021 tribuerat
1222 3959 1369 4020 llobuslao
1391 3961 1428 4019 de
1447 3959 1595 4022 nasseto-t
1607 3973 1640 4018 aa.

278 4066 361 4139 steyn
383 4059 490 4128 liemo,
519 4079 607 4140 quem
630 4060 788 4122 nobilitatis
810 4061 945 4122 coliunen
968 4062 1116 4140 appellare
1143 4060 1245 4122 solitus
1274 4069 1333 4130 est,
1367 4073 1397 4121 ct
1425 4067 1573 4120 naontimm

279 4159 460 4222 [ancillariter
475 4162 577 4224 doluit.
610 4163 749 4224 loannem
765 4163 911 4239 libaqium
928 4164 1124 4225 venerabilem
1141 4171 1254 4241 patrem
1270 4161 1423 4222 salutabat.
1449 4153 1642 4253 dapum-213&

242 4263 325 4323 &nie
350 4281 468 4324 causam
496 4271 637 4344 quantum
665 4273 765 4342 posset
793 4274 1034 4344 qaropugnatmus
1063 4274 1134 4326 erat.
1190 4265 1303 4324 Erasini
1326 4261 1515 4322 liotorodami
1544 4261 1642 4326 inssi.

279 4365 476 4444 quodcunque
498 4367 641 4445 scriptum
656 4367 814 4437 incideret,
838 4367 913 4427 beno
928 4369 965 4429 de
980 4369 1137 4427 Gonmnia
1153 4366 1331 4444 sperandum
1348 4364 1474 4431 monuit,
1498 4363 1573 4423 eins·

278 4485 336 4546 que
357 4465 600 4529 declamationem
622 4467 769 4548 quandam
791 4487 906 4529 summa
929 4488 997 4530 cum
1019 4469 1206 4528 velienatione
1221 4465 1463 4526 circannierebat.
1493 4465 1642 4526 Nun-§.aa

328 4704 643 4772 ¹ipselproillelAJ.
707 4705 851 4756 'Probino
867 4706 1090 4771 scripserttllutt.
1153 4701 1226 4754 ⁴est
1246 4720 1322 4755 mens
1337 4707 1396 4756 m.
1443 4702 1574 4769 'etlpro

276 4791 355 4852 atil.
400 4788 422 4823 ¹⁸
440 4789 623 4858 elegendis-3.
668 4790 689 4825 ¹⁸
701 4793 888 4854 nuntiantem,
903 4791 1081 4857 stanpendisso
1094 4792 1162 4841 Aa.
1217 4789 1325 4853 ²⁰de
1338 4791 1398 4857 (pro
1410 4789 1500 4853 Quod)
1514 4792 1573 4840 Μ.

275 4875 296 4910 ὓ
312 4873 402 4943 Tune]
416 4873 568 4942 tnnmlsio]
582 4880 608 4929 ³.
643 4876 666 4910 Ἀ
683 4874 791 4943 Suavis]
806 4876 1138 4943 propellavensburgum.
1174 4875 1194 4908 ³¹
1210 4877 1382 4942 ecglogosA.
1402 4876 1572 4926 Clarietieno·

276 4977 333 5014 rum
349 4963 385 5014 A.
395 4963 454 5012 m.
467 4960 573 5030 Lipsiae
586 4968 646 5015 oeet.
654 4979 679 5014 e.
688 4962 762 5014 1514.
771 4962 923 5029 publicatae
937 4966 1018 5012 erant
1029 4961 1166 5014 heroides.
1209 4961 1231 4995 ³¹
1249 4961 1434 5013 Hossenetein
1446 4962 1507 5010 23.
