3917 5950
1348 610 1495 685 284
1647 624 1861 676 CXXX.
1900 638 2106 676 nnAsm
2136 639 2260 676 nor.
2287 639 2360 677 AD
2386 640 2650 677 nvn-:nn
2678 641 2866 678 ‘mona
2894 641 3044 680 nono
3071 643 3157 678 ει».
3185 642 3239 679 D.
3266 634 3336 678 23.
3366 644 3479 679 1v1„
3511 633 3628 682 ¹5¹9.

1337 799 1515 858 redit.
1604 797 1898 871 Quicquid
1935 797 2222 870 diqnitale
2264 799 2421 856 ualet
2434 842 2449 868 ‚
2492 798 2778 881 quicquid
2812 798 2982 872 apud
3021 802 3445 874 amplissimum
3481 817 3634 875 reqel

1206 904 1321 958 ΜΒ.
1335 903 1549 976 pollet,
1604 901 1670 958 id
1717 915 1887 958 omne
1941 898 2223 958 iuvandoe
2278 898 2653 991 reipublicoe3
2709 902 2984 959 iurandis
3026 903 3589 984 amicisjmpendit.

1339 1003 1574 1077 quidem
1619 1000 1824 1072 adfuit
1864 1002 2098 1059 animus
2140 1000 2214 1059 de
2253 1003 2480 1059 cunctis
2521 1001 2664 1060 bene
2708 1004 2979 1085 merendi
3019 1004 3438 1078 cupidissimus
3469 1007 3634 1077 mirei

1294 1130 1314 1149 ·
1339 1121 1451 1162 nus
1495 1103 1582 1160 ad
1605 1097 2132 1169 'misericordiam;
2184 1119 2317 1160 eum
2361 1120 2523 1162 nunc
2569 1106 2761 1176 maqis
2816 1106 3041 1175 exerit,
3088 1105 3328 1179 quando
3365 1112 3555 1178 potest
3584 1122 3634 1178 p

1297 1180 1312 1195 ⁸
1339 1205 1538 1281 desse.-
1586 1207 1735 1262 alios
1770 1205 2032 1279 pecunia
2072 1204 2337 1290 subleuat
2350 1250 2363 1275 ‚
2416 1206 2566 1263 alios
2607 1209 2923 1265 autoritate
2965 1211 3160 1264 tuetur
3176 1252 3189 1277 ,
3229 1209 3375 1265 alios
3417 1223 3634 1266 comme

1332 1306 1638 1380 provehit:
1700 1322 1844 1379 quos
1888 1308 2116 1378 alioqui
2153 1308 2362 1365 iuvare
2414 1322 2530 1364 non
2577 1314 2798 1380 potest,
2853 1307 2946 1366 his
2994 1310 3239 1366 consilio
3295 1310 3595 1367 succurrit
3605 1328 3628 1375 ‚-

1328 1424 1598 1481 wtquam
1642 1423 1681 1464 a
1724 1424 1787 1466 se
1829 1410 2051 1466 tristem
2096 1408 2315 1466 dimisit
2327 1428 2346 1465 .·
2407 1408 2635 1466 diceres
2678 1407 2913 1466 Morum
2964 1425 3089 1467 esse
3138 1409 3438 1483 publicum
3500 1426 3631 1466 omn

1334 1525 1511 1584 opum
1560 1515 1886 1583 patronum
1900 1529 1923 1577 ‚·
1991 1511 2199 1581 inqens
2246 1510 2478 1567 tucrum
2533 1509 2645 1566 sibi
2690 1516 2866 1582 putat
2919 1513 3235 1568 accessisse
3250 1555 3264 1581 ,
3330 1512 3553 1582 siquem
3615 1529 3634 1569 ι

1335 1611 1686 1681 sublevavit,
1741 1613 1797 1668 si
1835 1613 2198 1684 perplexum
2250 1616 2307 1667 et
2359 1611 2700 1682 impeditum
2754 1613 3070 1684 explicuit,
3126 1614 3182 1669 si
3220 1614 3543 1670 alienatum
3580 1630 3634 1669 re

1201 1718 1318 1770 §.³2
1334 1715 1619 1786 oratiam.
1691 1728 1856 1771 nemo
1893 1712 2182 1771 lubentius
2223 1714 2473 1769 collocat
2517 1711 2761 1782 benefici
2763 1729 2856 1770 um
2873 1758 2886 1784 ,
2927 1729 3095 1771 nemo
3136 1715 3329 1770 minus
3363 1699 3634 1787 exprmbr·

1337 1830 1470 1874 cum
1525 1821 1604 1872 tot
1657 1814 1986 1889 nominibus
2037 1814 2113 1871 sit
2170 1810 2556 1883 felicissimus
2615 1819 2673 1870 et
2730 1814 3040 1885 felicitatis
3101 1830 3291 1873 comes
3349 1795 3489 1885 fere
3549 1816 3634 1871 sol

1336 1918 1624 1976 iactantia
1642 1961 1655 1985 ‚
1716 1917 1940 1991 numam
2002 1914 2202 1972 adhuc
2256 1915 2592 1972 mortalium
2637 1915 2784 1973 mini
2829 1915 3036 1980 videre
3090 1918 3332 1988 contiqit
3379 1918 3484 1988 qui
3528 1917 3634 1987 long

1202 2024 1318 2074 §.⁴0.
1338 2024 1486 2076 esset
1526 2018 1603 2075 ab
1644 2017 1755 2075 hoc
1793 2018 1946 2074 vitio.
2033 2013 2157 2072 Sed
2203 2015 2292 2072 ad
2341 2016 2669 2074 studiorum
2724 2019 3325 2076 commemorationem
3375 2016 3554 2074 redeo
3569 2061 3583 2088 ,

1334 2117 1509 2178 Mbro
1552 2118 1809 2192 mihique
1846 2116 2084 2175 Morum
2130 2118 2497 2190 potissimum
2550 2118 2964 2175 conciliarunt.
3052 2117 3318 2175 Primam
3373 2112 3634 2175 oetatem‘

1324 2224 1693 2296 potissimum
1728 2221 2028 2287 exercuit,
2084 2232 2224 2275 mox
2267 2218 2373 2275 diu
2412 2220 2669 2276 Iuctatus
2712 2224 2825 2288 est,
2883 2225 2947 2276 ut
2980 2234 3226 2292 prosam
3276 2221 3599 2277 orationem

1334 2325 1655 2381 molliorem
1671 2364 1685 2391 ‚
1734 2336 1855 2394 per
1912 2335 2082 2377 omne
2137 2321 2348 2392 scripti
2391 2335 2582 2391 qenus
2630 2320 2826 2377 stilum
2887 2336 3178 2378 exercens
3190 2340 3213 2387 ,·
3284 2322 3388 2392 qui
3442 2321 3634 2378 cuiust

1334 2424 1482 2498 quid
1532 2424 1737 2482 attinet
1784 2435 2242 2480 commemorare
2255 2464 2270 2491 ,
2328 2419 2434 2477 tibi
2479 2421 2819 2502 proesertim
2870 2421 2974 2492 qui
3011 2422 3191 2479 libros
3245 2424 3371 2479 eius
3421 2437 3634 2494 sempev

1199 2531 1317 2583 §.⁴1.
1335 2527 1397 2583 in
1441 2519 1755 2583 manibus?
1816 2521 2357 2580 Declamationibus
2384 2500 2698 2595 praecipue
2735 2509 3063 2580 'delectatus
3106 2528 3218 2592 est,
3274 2529 3333 2580 et
3385 2525 3446 2580 in
3503 2521 3595 2579 Itis

1333 2628 1549 2686 adoaeis
1564 2670 1578 2695 ‚
1632 2625 1791 2699 quod
1838 2625 1900 2682 in
1955 2622 2048 2681 his
2102 2624 2306 2681 acrior
2360 2624 2437 2680 sit
2486 2625 2858 2694 inqentorum
2912 2625 3277 2681 exercitatio.
3365 2623 3524 2681 unde
3572 2638 3634 2680 at

1331 2730 1650 2786 etiamnum
1694 2726 1994 2797 dialoyum
2038 2723 2387 2787 mombatur
2402 2767 2416 2793 ‚
2466 2726 2549 2781 in·
2573 2738 2686 2796 quo
2731 2723 2994 2783 Platon-is
3030 2727 3498 2783 communitatem
3553 2725 3634 2781 ad

1331 2845 1515 2902 usque
1570 2825 1860 2898 defendit.
1943 2825 2202 2884 Luciani
2259 2823 2681 2898 Tyrannicidae
2736 2826 3070 2899 respondit,
3135 2841 3248 2898 quo
3305 2828 3367 2883 in
3415 2841 3634 2897 arqum

1331 2933 1512 2990 voluit
1562 2910 1998 3002 ar‘itayonistam
2055 2926 2274 2985 habere
2289 2971 2302 2997 ,
2361 2941 2474 3000 quo
2516 2928 2734 2985 certius
2781 2922 3118 3001 periculum
3169 2925 3408 2998 faceret
3446 2927 3634 3000 ecqui<

1329 3035 1503 3092 cisset
1543 3034 1604 3091 in
1642 3032 1751 3090 hoc
1787 3046 2025 3103 qenere.
2108 3027 2377 3100 Utopiam
2422 3027 2533 3085 hoc
2573 3031 2816 3087 consilio
2860 3029 3076 3099 edidit,
3120 3036 3187 3087 ut
3227 3029 3523 3088 indicaret
3565 3046 3634 3102 qu

1329 3134 1435 3192 bus
1463 3136 1577 3205 fiat
1619 3140 1681 3191 ut
1720 3134 1914 3190 minus
1966 3129 2264 3188 commode
2306 3130 2567 3189 habeant
2604 3130 2996 3203 respublicoe;
3059 3130 3168 3188 sed
3207 3129 3629 3188 Britannicam

1328 3240 1486 3293 mum
1539 3233 1809 3306 effinxit,
1872 3246 2052 3306 quam
2117 3230 2292 3288 habet
2345 3234 2582 3304 penitus
2643 3240 3018 3305 perspectam
3077 3233 3518 3305 coqnitamque:
3587 3248 3634 3289 se

1330 3336 1543 3395 librum
1579 3338 1754 3409 prius
1792 3335 2120 3407 scripserat
2146 3348 2262 3414 per
2295 3336 2485 3391 ocium
2501 3377 2515 3403 ,
2561 3348 2700 3394 moa:
2734 3349 2848 3406 per
2880 3335 3247 3391 occasionem
3282 3334 3544 3405 primum
3585 3348 3634 3387 a«

1196 3443 1624 3511 §.⁴².tempore,·
1687 3443 1863 3509 atque
1904 3435 2044 3492 hinc
2085 3435 2373 3492 nonnulla
2428 3434 2698 3492 dictionis
2753 3436 3151 3506 inoequatitas.
3259 3434 3374 3491 Vix
3417 3433 3599 3491 alium

1327 3542 1433 3612 qui
1478 3538 1723 3610 felicius
1764 3537 1928 3595 dicat
1967 3552 2047 3593 ea:
2090 3542 2379 3609 tempore,
2441 3536 2590 3593 adeo
2642 3533 2818 3606 felici
2869 3537 3104 3608 inqenio
3140 3533 3305 3606 felix
3345 3537 3552 3608 linqua
3591 3550 3634 3592 sa

1328 3642 1630 3714 inqenium
1670 3654 1941 3713 proesens
1986 3644 2044 3695 et
2084 3636 2297 3709 ubique
2328 3639 2670 3709 prcevolans
2721 3639 3004 3695 memoria
3043 3643 3302 3710 parata,
3358 3652 3493 3710 quoe
3533 3618 3634 3693 cuz

1326 3742 1543 3800 habeat
1584 3743 1739 3799 velut
1780 3741 1838 3797 in
1874 3745 2219 3808 numerato,
2273 3745 2542 3810 prompte
2577 3742 2633 3794 et
2673 3739 3085 3795 incunctanter
3123 3739 3390 3810 suqqerit
3431 3738 3634 3810 quicqu

1319 3859 1437 3918 pus
1480 3848 1587 3901 aut
1626 3859 1723 3900 res
1759 3841 2024 3915 postulat
2034 3860 2057 3906 ,·
2118 3841 2178 3896 in
2223 3838 2717 3911 disputationibus
2759 3838 2911 3895 nihil
2939 3840 3095 3911 finqi
3126 3844 3321 3912 potest
3351 3841 3611 3917 acutius,

1324 3946 1564 4003 summis
1595 3946 1772 4002 etiam
1813 3943 2091 4014 theoloqis
2120 3957 2281 4014 soepe
2328 3941 2636 4011 neyocium
2673 3938 2946 4011 facessat
2989 3942 3050 3996 in
3095 3942 3354 4013 ipsorum
3398 3956 3588 3997 arena
3631 3964 3634 3988 τ

1322 4045 1581 4104 Ioannes
1614 4044 1868 4114 Coletus,
1911 4045 2002 4100 vir
2038 4044 2203 4102 acris
2245 4043 2558 4114 exactique
2599 4041 2833 4112 iudicii,
2874 4043 2931 4098 in
2971 4040 3382 4112 familiaribus
3421 4043 3634 4113 coltoqi.

1323 4148 1464 4205 inde
1506 4148 1706 4205 dicere
1748 4148 1893 4204 solet
1926 4144 2267 4202 Britannice
2309 4159 2424 4201 non
2472 4143 2590 4200 nisi
2629 4143 2869 4199 unicum
2909 4158 3033 4199 esse
3077 4144 3374 4215 inqenium
3392 4186 3406 4211 ‚
3451 4159 3583 4201 cum
3629 4184 3634 4199 .

1189 4266 1305 4317 με).
1327 4251 1461 4307 sula
1503 4253 1584 4306 tot
1622 4249 1876 4319 eyreqiis
1918 4248 2171 4317 inqeniis
2203 4247 2435 4317 floreat.
2540 4243 2711 4301 Veroe
2744 4244 2985 4315 pietatis
3028 4259 3142 4301 non
3197 4244 3516 4315 inditiqens
3567 4223 3634 4301 cu

1324 4350 1558 4407 etiamsi
1591 4347 1668 4405 ab
1709 4350 1869 4407 omni
1913 4348 2327 4422 superstitione
2370 4346 2766 4403 alienissimus
2780 4365 2799 4402 .·
2862 4343 3039 4402 habet
3086 4360 3240 4408 suas·
3275 4344 3487 4419 horas,
3546 4361 3634 4417 qus

1322 4450 1447 4508 litet
1481 4450 1759 4523 precibus
1774 4496 1788 4522 ,
1835 4433 1951 4509 non
1996 4464 2076 4507 ea:
2118 4462 2280 4505 more
2321 4447 2431 4504 sed
2462 4463 2495 4504 e
2524 4452 2765 4519 pectore
2807 4446 3187 4518 depromptis.
3261 4460 3394 4503 cum
3427 4448 3634 4503 anticis

1458 4599 1480 4632 ⁶
1528 4601 1614 4651 his
1663 4618 1756 4652 om.
1790 4603 1838 4649 1.
1978 4598 2000 4629 ⁷
2046 4597 2267 4646 demisit
2304 4599 2351 4645 7.
2503 4593 2543 4627 ¹¹
2594 4594 2690 4644 fel.
2729 4592 2887 4659 com.]
2927 4595 3186 4644 Menand.
3224 4590 3312 4659 hp.
3351 4594 3502 4646 Stob.
3541 4595 3634 4643 flor

1315 4673 1720 4751 Ὑπερήφανόν
1753 4698 1864 4733 που
1896 4665 2137 4747 ’γίγνεθ’
2169 4671 2205 4746 ἡ
2242 4679 2374 4730 λίαν
2413 4671 2620 4744 τρυφή.
2657 4679 2773 4728 κτλ.
2918 4677 2958 4710 ¹⁹
2996 4677 3173 4744 adox.]
3214 4680 3448 4729 infames
3485 4684 3632 4728 mate-

1326 4770 1445 4832 quis
1481 4771 1666 4819 dicero
1706 4768 1913 4817 mavult
1948 4766 2339 4830 inopinabile&
2381 4764 2453 4813 cf.
2482 4762 2622 4812 Gell.
2651 4763 2825 4811 XVIL
2859 4762 2935 4811 12.
2978 4762 3208 4826 („sicuti
3247 4779 3367 4813 cum
3402 4764 3634 4823 Thersit.-

1326 4853 1580 4916 quoesivit
1614 4858 1671 4900 et
1708 4866 1828 4900 eum
1866 4850 2066 4899 febrim
2101 4850 2310 4914 quartis
2358 4836 2551 4896 diebus
2600 4851 2973 4895 recurrentem
3009 4847 3285 4910 laudavit,
3336 4848 3522 4913 lepida
3561 4864 3634 4897 sa]

1325 4940 1381 4985 et
1425 4951 1532 4986 non
1577 4934 1773 4984 facilia
1808 4935 2038 4984 inventu
2074 4934 2130 4981 in
2166 4938 2453 4997 utramque
2480 4944 2706 4980 causam
2730 4930 2944 4993 dixit-’7
3030 4919 3095 4963 ‘³⁰
3130 4932 3481 4981 incontanter
3506 4935 3552 4981 1.
3587 4943 3600 4955 ·
