3917 5950
343 657 428 711 Lxx.
442 672 574 709 nurse»
583 671 664 709 ιιοιι.
675 670 832 708 :mrum
843 671 925 707 ιιιίι.
937 670 1035 707 ratane
1045 671 1079 707 ns
1090 671 1190 706 noser.
1201 672 1362 708 corsuum.
1376 667 1393 707 t.
1402 674 1463 710 nne.
1472 667 1531 710 15¹7.
1570 645 1641 715 159

343 827 435 889 eius'l
458 825 502 888 rel
525 829 550 887 si
573 828 687 907 tyranni
710 834 779 887 sunt
800 827 850 905 qui
872 827 902 884 in
924 824 1034 886 liberos
1055 828 1212 903 imperium
1234 827 1289 887 sibi
1311 828 1483 895 desumunt,
1507 830 1643 908 quisbue

344 930 440 1007 magis
460 928 531 989 lacit
552 947 640 1008 quarn
663 930 688 987 is
710 929 760 1006 qui
782 925 924 987 libertatis
939 937 1193 993 conservatorem.
1216 929 1273 989 boe
1287 938 1332 989 est
1346 929 1545 991 Romanorum
1561 933 1641 1009 priu-

346 1030 457 1108 cipem,
481 1032 511 1090 in
533 1031 702 1091 seruitutem
725 1028 853 1090 adserit?
875 1028 954 1107 Ergo
976 1047 1035 1089 non
1057 1028 1203 1090 maledicit
1224 1031 1410 1108 pontificibus
1424 1031 1518 1101 Valla,
1541 1034 1592 1093 sed
1613 1034 1710 1092 int-¹⁹·

347 1138 490 1211 tyrannos
512 1150 580 1191 uera
602 1130 688 1199 dir-it,
712 1130 750 1190 ob
773 1131 861 1208 idque
885 1130 935 1190 tibi
959 1130 1041 1190 raldo
1058 1131 1174 1208 plaeere
1190 1134 1285 1207 prrtrni
1301 1132 1402 1201 «leben
1425 1133 1491 1199 tibi,
1515 1136 1642 1213 inquam,

322 1232 406 1302 sboe
427 1250 554 1311 genere,
578 1232 623 1292 bis
645 1231 806 1293 maioribus
829 1232 922 1301 erlito,
953 1232 1008 1291 bae
1031 1233 1210 1299 eruditione,
1241 1233 1298 1292 lroe
1320 1232 1406 1293 etiam
1429 1236 1547 1294 rrumine
1569 1254 1643 1312 prae·

320 1335 417 1409 ,dita
462 1352 522 1395 non
549 1334 638 1395 debet
665 1352 700 1393 ex
728 1332 890 1394 bledieibus
918 1335 968 1393 uni
997 1334 1152 1393 convenire
1179 1334 1377 1399 mendacium.
1411 1344 1439 1395 et
1476 1337 1506 1394 in
1532 1344 1642 1396 tantam

346 1436 512 1497 ἀοοιιίιιιιιιι
535 1435 711 1513 perversitas
730 1453 790 1494 nou
805 1435 980 1503 admittitur,
1005 1453 1059 1495 nee
1074 1418 1185 1493 lrurrdis
1201 1434 1392 1496 bumilitatem
1407 1437 1443 1497 ad
1459 1456 1524 1496 sese
1538 1439 1642 1515 arripit

347 1536 482 1598 leonina
502 1536 688 1614 magnitudo,
711 1554 776 1614 quae
799 1537 875 1597 bane
896 1543 993 1596 rersat
1015 1538 1044 1596 in
1060 1555 1112 1596 ore
1126 1537 1220 1596 Greci
1236 1545 1329 1615 poete
1345 1540 1532 1605 senteutiam,
1556 1531 1642 1611 ψεύ-

348 1636 471 1699 δεσθαι
494 1627 741 1717 ἀνελεύθερον,
773 1627 917 1719 ἀλήθεια
941 1648 1110 1718 γενναῖον.
1161 1638 1306 1699 Praeterea
1335 1640 1391 1699 boe
1419 1641 1447 1699 in
1474 1639 1586 1709 libello,
1620 1642 1710 1700 sil-²⁰·

311 1756 493 1819 ronsqoam,
516 1740 645 1800 ostendit
667 1740 855 1805 Laurentius,
883 1742 932 1818 qui
954 1743 1013 1809 uir,
1042 1748 1151 1818 qrrauto
1174 1740 1313 1818 proditus
1334 1742 1432 1801 animo
1460 1743 1560 1812 luerit,
1594 1743 1644 1819 qni

348 1842 478 1903 maximo
501 1843 588 1902 etiam
617 1844 783 1920 proposito,
815 1849 848 1901 nt
874 1840 921 1901 illa
950 1849 1136 1919 tempestate,
1170 1842 1302 1919 periculo
1330 1843 1478 1903 veritatem
1508 1844 1645 1903 ‹teser-ure

348 1942 459 2027 noluit,
482 1951 593 2021 quatrio
615 1945 724 2004 rectius
746 1952 775 2004 et
796 1944 958 2003 Christiane
982 1945 1075 2019 iringis
1097 1962 1184 2021 ‹pmm
1208 1943 1255 2003 ille
1277 1962 1373 2021 nuper
1393 1945 1491 2005 asinus
1506 1946 1556 2022 qui
1572 1944 1644 2004 lulio

348 2044 481 2105 sewndo
505 2043 635 2122 pulcbrar
658 2045 734 2119 illius
756 2045 920 2104 dotationis
947 2044 1145 2122 privilegium,
1179 2045 1257 2123 epum
1287 2067 1302 2104 e
1330 2046 1434 2105 Grmeo
1461 2045 1645 2105 transtulisse

349 2148 420 2209 dicit
441 2166 489 2211 se.
513 2166 581 2208 rum
603 2166 657 2207 niu
679 2148 781 2207 Graere
804 2148 945 2223 seriptum
969 2165 1033 2205 esse
1056 2150 1273 2222 ignoraremus,
1303 2166 1361 2206 rron
1391 2149 1462 2207 eitra
1485 2147 1644 2207 ‹lentissimi

310 2250 406 2310 sariri
429 2258 459 2309 et
481 2268 514 2309 se
536 2266 590 2327 per
611 2250 708 2308 omitia
724 2247 854 2309 melioris
869 2248 1075 2308 eorrtumeliam
1091 2249 1248 2308 ‹iudicaritt
1272 2249 1479 2309 assentabatur
1494 2248 1541 2308 ille
1556 2250 1642 2318 enim,

349 2360 382 2413 ut
403 2354 455 2413 uni
477 2350 622 2431 placeret:
647 2351 693 2410 bie
717 2368 818 2409 renim
840 2350 930 2415 dixit,
953 2357 986 2409 ut
1008 2350 1106 2410 nndtis
1129 2350 1290 2426 prodesset.
1335 2351 1410 2420 Quid
1432 2351 1468 2410 ad
1490 2350 1712 2409 tltnisrianisn.

348 2454 479 2515 bominis
501 2460 530 2513 et
553 2453 621 2513 boni
646 2452 698 2511 riri
722 2453 931 2528 perlertionrrn
954 2452 1055 2511 deest?
1077 2450 1171 2521 Quam
1194 2458 1222 2511 te
1244 2469 1302 2510 uon
1326 2460 1469 2511 rtur-erunt
1491 2453 1580 2529 igitur
1595 2452 1644 2529 qni

348 2561 486 2615 induunt
508 2555 655 2632 ingratum
678 2554 757 2613 lmm·
780 2553 842 2612 lore
864 2553 916 2612 tibi
940 2553 1027 2613 Valla»
1049 2552 1195 2613 taboram:
1219 2555 1243 2612 si
1265 2562 1384 2613 nossent
1407 2554 1499 2621 enim,
1529 2571 1587 2612 nou
1609 2572 1643 2613 ex

348 2656 526 2735 [ιιωιιοιιιιιιι
548 2655 719 2733 pontificum
741 2654 874 2715 moribus
896 2662 975 2714 tuam
997 2656 1176 2714 aestimarent
1198 2656 1293 2714 ritant.
1339 2675 1354 2714 a
1378 2655 1484 2733 quilms
1500 2674 1554 2729 ego
1570 2653 1644 2715 mul·

310 2766 413 2822 atum
436 2758 594 2826 dissentio,
617 2763 646 2815 et
668 2774 734 2816 euru
757 2762 838 2815 tuam
862 2755 1014 2833 prmdieari
1037 2757 1143 2816 lauram
1166 2756 1267 2824 anuto,
1298 2764 1326 2815 rt
1348 2757 1423 2815 lnam
1445 2758 1562 2834 aptium
1584 2759 1646 2834 opi·

348 2862 447 2921 nionis
471 2858 588 2937 plenem
611 2858 835 2935 promissionem
858 2856 908 2917 ubi
932 2857 1111 2937 consumo:
1146 2866 1294 2917 restauras
1317 2866 1347 2918 tn
1371 2859 1447 2917 enim
1469 2876 1588 2934 perenn
1618 2866 1646 2918 at.

348 2981 406 3041 pax
429 2979 497 3022 esso
519 2961 596 3020 inter
619 2966 753 3037 raptores
776 2966 804 3018 et
827 2977 877 3019 eos
899 2979 916 3019 a
938 2958 1046 3037 uiribus
1063 2960 1191 3038 rapitur.
1215 2961 1269 3020 nisi
1285 2979 1370 3020 suum
1387 2960 1543 3027 reddatur,
1567 2959 1645 3019 nulla

348 3071 463 3143 potest:
486 3070 638 3141 nequem
661 3062 716 3121 nisi
738 3080 802 3121 renr
824 3062 916 3138 ipsam
940 3069 1080 3138 presure
1101 3061 1204 3128 velles,
1232 3063 1328 3122 inania
1358 3062 1441 3121 nobis
1464 3081 1646 3140 proponeres

348 3165 449 3227 verbe.
495 3163 597 3242 ltaque
619 3165 661 3224 sie
683 3163 804 3240 opinor,
828 3162 910 3222 raldo
931 3165 1149 3223 sueeeusuissrs
1172 3171 1202 3223 tn
1226 3165 1310 3234 inibi,
1333 3165 1356 3223 si
1380 3181 1438 3223 nrm
1462 3171 1519 3223 tarn
1543 3171 1713 3223 contrat-²².

313 3269 440 3332 usnimi
463 3267 638 3328 sententiam
661 3265 718 3325 mei
741 3283 829 3342 spiram
853 3266 940 3324 etiam
963 3271 1065 3324 rantra
1081 3285 1267 3325 communem
1284 3266 1415 3326 onnrium
1429 3284 1549 3326 sensum
1572 3265 1647 3344 (quis

350 3377 395 3430 est
416 3371 496 3430 euim
519 3369 570 3448 qui
593 3369 630 3427 ila
653 3368 786 3444 sentiatl)
809 3366 982 3444 probassem
1005 3367 1082 3444 apud
1099 3374 1127 3426 te
1143 3367 1291 3444 piaenlare
1307 3368 1492 3445 figmentum,
1516 3368 1594 3446 ‹puu
1610 3368 1647 3426 de

349 3472 543 3532 Constantino
564 3469 678 3530 mentiti
699 3477 768 3529 sunt
790 3468 829 3528 illi
851 3468 1131 3556 pseudopontilires,
1155 3470 1205 3546 qui
1227 3469 1385 3528 oerideutis
1406 3470 1563 3548 imperium
1578 3487 1645 3530 etim

350 3573 426 3634 urbe
449 3571 543 3632 Roma
568 3572 697 3651 gentium
721 3571 841 3650 donrina
862 3589 1036 3630 roueessum
1059 3571 1096 3631 ab
1112 3571 1168 3630 bor
1185 3571 1239 3631 sibi
1256 3571 1478 3631 contenderunt.
1512 3570 1714 3640 ununnneea.

351 3677 379 3735 in
403 3675 461 3736 boe
483 3675 667 3752 potissimum
690 3672 841 3732 audaciam
864 3672 972 3735 miror.
997 3672 1074 3750 qnod
1099 3673 1180 3733 rrriti
1203 3691 1262 3732 non
1278 3679 1345 3732 sunt
1361 3672 1389 3731 id
1405 3673 1552 3733 allirnrare
1568 3673 1647 3751 quod

315 3777 535 3842 arreditunrm
558 3775 705 3835 neminem
727 3774 850 3834 seirent:
873 3773 925 3833 sed
940 3774 1095 3833 Germanis
1110 3791 1302 3851 persuasurus
1315 3793 1348 3834 se
1368 3774 1523 3851 putabant,
1546 3782 1648 3852 utpote

350 3897 426 3959 rpros
448 3877 609 3938 cerebrum
631 3893 690 3936 non
713 3875 823 3936 lrabere
846 3876 922 3934 larrra
945 3884 1008 3945 est,
1036 3884 1124 3954 etque
1153 3877 1241 3954 igitur
1268 3877 1386 3953 iugenio
1414 3877 1458 3936 usi
1481 3894 1540 3935 nou
1562 3883 1646 3935 sunt:

350 3983 461 4060 quippe
482 3981 508 4040 si
531 3980 634 4039 luisset
656 3995 723 4037 rum
745 3975 808 4037 aliis
830 3976 887 4036 sibi
910 3976 1046 4054 gentibus
1068 3979 1239 4056 negorium,
1268 3979 1368 4056 utique
1397 3995 1457 4037 nou
1479 3978 1520 4036 sie
1543 3976 1647 4054 [rigida

351 4091 428 4144 asset
450 4081 515 4143 lraer.
537 4080 661 4150 elllctio,
684 4087 713 4140 et
735 4079 849 4140 earrtius
870 4077 963 4138 moliti
986 4078 1042 4138 boe
1065 4087 1263 4139 commentum
1286 4087 1398 4148 essent,
1421 4079 1476 4137 nisi
1500 4079 1647 4154 reperitur

352 4186 402 4264 qni
423 4181 561 4244 ostendet
582 4199 617 4242 ex
641 4180 867 4259 imperatoribus
896 4180 961 4248 ulli,
990 4188 1146 4258 antequam
1169 4181 1206 4240 ad
1221 4182 1383 4242 Germanus
1406 4180 1571 4256 perveniret
1592 4181 1646 4237 im·

321 4287 425 4365 reperii
448 4301 574 4353 nomen,
597 4284 767 4344 intentatam
782 4282 879 4368 luisse
901 4283 977 4342 hauc
1000 4282 1143 4342 fraudem.
1187 4283 1315 4343 Nimium
1338 4301 1385 4342 me
1408 4297 1494 4358 ergo,
1523 4279 1645 4339 nimium
1656 4281 1714 4331 ι-Ὴ·

419 4469 535 4522 'edito
555 4472 580 4518 1.
588 4471 615 4518 2.
705 4465 834 4535 ⁸poetae]
853 4457 1033 4526 Ἀπολλώνιος
1045 4467 1152 4535 Δηλίῳ.
1165 4460 1329 4532 ψεύδεσθαι
1342 4466 1400 4516 κτλ.
1424 4465 1530 4516 tltobaoi
1548 4464 1646 4517 Floril.

353 4553 455 4610 mo.
474 4555 508 4620 (1.
522 4551 618 4621 μῧω.
632 4551 675 4604 ed.
689 4553 841 4616 Gnislord.)
859 4553 973 4602 Mentiri
992 4553 1145 4614 illiberale,
1165 4555 1269 4604 veritus
1289 4553 1409 4617 ingenuo
1429 4557 1479 4602 est.
1550 4550 1570 4583 ¹²
1588 4548 1647 4617 ille]

355 4639 572 4690 Bartholomaeus
590 4639 744 4688 Pineemus
761 4637 795 4687 de
818 4642 911 4688 monte
935 4637 1033 4698 ereluo,
1064 4640 1142 4688 euius
1167 4637 1279 4687 libellus
1303 4637 1455 4687 liuttenieo
1478 4637 1507 4686 in
1530 4637 1648 4688 uetustis

357 4723 558 4791 exemplaribus
575 4723 763 4790 premittitur.
811 4720 865 4754 ¹³¹¹⁴
884 4722 1060 4771 transtulisse
1079 4739 1109 4772 se
1128 4724 1196 4772 rlieit
1215 4725 1262 4767 MS.
1278 4724 1306 4767 B.
1324 4748 1357 4756 -
1373 4723 1496 4772 Donatio
1515 4723 1647 4772 (Foustrm-

336 4803 405 4857 'tini
423 4823 515 4874 mee
532 4823 589 4860 non
608 4812 697 4858 extet.
725 4823 805 4873 usurp.
821 4809 881 4857 Μ.
894 4803 1009 4872 [errat]
1073 4805 1175 4872 ¹³riri}
1194 4808 1341 4856 Larrrrntii
1361 4807 1458 4857 l'allae.
1524 4807 1564 4872 se]
1584 4809 1602 4857 i.
1624 4824 1648 4858 e.

358 4905 434 4956 qum
451 4895 511 4960 ipse
529 4891 692 4945 translator.
772 4892 979 4943 Adsentebutur
993 4894 1016 4940 1.
1025 4895 1050 4944 2.
1086 4892 1363 4942 Adsentiebaturlts.
1382 4893 1455 4942 l'reu.
1524 4891 1546 4923 ¹²
1564 4893 1648 4941 l‘seu-

359 4975 533 5042 insonum„
552 4977 741 5046 opprobsntes
760 4977 937 5028 Constantini
955 4978 1142 5028 «tornationem.
1161 4994 1241 5042 ruerp.
1256 4981 1317 5029 30¹.
