3917 5950
296 624 379 702 344
407 641 530 692 chm.
551 654 650 688 sruou.
665 654 701 687 ao
715 654 826 687 osuror
844 653 887 686 nr.
924 636 1045 687 CLXIV.
1065 652 1147 687 urar.
1161 652 1199 686 an
1215 652 1320 688 anons.
1334 653 1378 686 ur.
1393 653 1420 687 o.
1435 647 1456 686 t.
1470 653 1521 688 ua
1533 646 1586 687 tato.

296 817 462 891 eloquentia.
480 813 538 869 viri.
568 812 666 868 Verum
689 828 723 866 ne
746 812 798 867 boc
822 811 959 885 temporis
976 810 1091 867 articulo
1109 810 1176 866 nihil
1196 811 1229 867 ad
1252 818 1278 867 te
1302 811 1424 873 mittam,
1446 811 1520 867 hunc
1539 829 1590 868 ser·

296 919 404 960 monem
429 916 517 956 meum
546 897 652 970 accipe,
681 914 769 970 nuper
798 896 830 950 in.
848 896 922 951 Petri
949 894 1089 951 llosellani
1116 895 1316 952 florentissimae
1343 897 1427 952 buius
1448 896 1590 952 Academia.

297 996 399 1044 nostrae
422 982 602 1041 moderatoris
624 981 729 1037 laudem
752 981 908 1055 panegyrici
928 979 983 1036 vice
1003 998 1018 1036 a
1035 996 1077 1035 me
1093 979 1215 1036 habiturn
1235 1023 1460 1036 ..........
1491 981 1591 1056 lipsio.

298 1071 423 1129 Calendis
440 1068 532 1124 luniis.
567 1068 653 1122 hnuo.
668 1066 795 1121 bilth'x.

389 1251 482 1301 IDEM
501 1251 540 1299 IN
558 1247 729 1299 SERMONE
748 1245 981 1297 PANEGYRICO
1000 1245 1120 1322 Punico
1140 1246 1361 1297 MOSELLANO
1380 1247 1508 1298 moro.
1603 1263 1613 1301 t

502 1371 567 1440 Quis
589 1372 699 1427 omnino
721 1377 762 1426 est
785 1371 811 1425 in
831 1370 986 1430 Germania,
1016 1378 1047 1426 ut
1069 1370 1177 1426 interim
1197 1371 1230 1426 de
1251 1370 1351 1426 exteris
1373 1370 1485 1431 siloam,
1516 1371 1595 1426 bone·

299 1470 403 1517 starum
422 1459 562 1514 literarum
585 1474 640 1512 nou
660 1456 721 1512 dieo
741 1455 857 1529 peritus,
888 1455 934 1510 scd
958 1454 1156 1528 elegantiarum
1177 1473 1268 1511 rerum
1289 1473 1348 1530 prae
1369 1456 1473 1512 ceteris
1496 1456 1596 1512 studio·

301 1564 362 1605 sus.
388 1544 434 1618 qui
464 1560 518 1597 non
547 1542 573 1596 iu
601 1541 689 1614 aliqua
714 1538 862 1596 lmlicitatis
887 1557 943 1595 suae
962 1549 1039 1613 parte
1062 1549 1147 1614 ponat
1165 1540 1274 1596 Petrum
1297 1540 1478 1596 llosellanum
1500 1540 1596 1597 babere

301 1629 433 1686 amicum?
467 1626 539 1694 Quot
559 1634 650 1681 autom
672 1633 750 1686 sunt,
779 1627 824 1698 qui
849 1624 945 1699 procul
966 1624 1069 1686 dissiti,
1096 1625 1168 1680 bunc
1190 1625 1223 1681 de
1240 1625 1308 1681 laeie
1328 1626 1468 1699 ignotum,
1493 1635 1596 1681 tantum

301 1733 333 1770 ex
357 1715 427 1769 sarna
448 1720 475 1766 et
497 1711 575 1766 libris
596 1710 750 1783 cognitum,
771 1708 845 1764 ultro
867 1726 956 1764 amare
974 1709 1135 1783 coeperunt?
1166 1708 1239 1778 Quos
1261 1710 1419 1784 singulatim
1442 1722 1626 1770 recenserem

302 1799 374 1855 aliud
397 1805 470 1852 esset
489 1794 569 1856 nibil,
601 1812 680 1868 quam
702 1811 869 1849 summorum
891 1795 1041 1850 Germaniae
1058 1795 1199 1850 bominum
1220 1794 1375 1868 catalogum
1397 1801 1507 1858 texere,
1527 1795 1597 1850 b'uus

303 1900 353 1959 pro
380 1880 473 1937 multis
499 1880 627 1940 suilieiat,
660 1879 841 1935 clarissimum
865 1879 931 1934 illud
960 1877 1102 1935 literarum
1129 1878 1221 1935 lumen
1245 1879 1386 1940 Erasmus,
1420 1898 1502 1954 quam
1525 1880 1600 1935 bunc

200 2002 202 2005 -
227 1954 230 1960 ⁵
302 1976 428 2024 nostrum
451 1964 626 2021 llosellanum
649 1974 731 2027 amet,
761 1964 939 2037 quanticum
962 1963 1057 2026 iaciat,
1086 1964 1267 2038 quantocius
1291 1964 1438 2039 desyderio
1465 1973 1597 2027 teneatur,

303 2052 495 2110 indiciosuut
524 2049 564 2104 rel
595 2049 668 2104 illius
704 2049 736 2104 ad
763 2049 835 2104 hune
863 2048 989 2122 epistolae
1018 2049 1118 2105 amoris
1151 2056 1179 2105 et
1208 2049 1300 2106 iudicii
1331 2048 1598 2106 honorificentissimi

303 2146 388 2193 testes
411 2134 589 2211 plenissimae,
619 2133 659 2189 rel
681 2134 753 2207 quod
781 2150 868 2206 nuper
895 2151 956 2188 cum
976 2134 1087 2191 Lovauii
1116 2133 1144 2189 in
1172 2135 1314 2190 doctorum
1340 2134 1448 2209 aliquot
1477 2134 1626 2192 conviviott

304 2222 385 2278 buius
405 2220 506 2276 mentio
530 2219 599 2275 iacta
622 2226 708 2280 essct,
737 2217 888 2274 testabatur
910 2237 958 2274 sua
977 2219 1063 2293 ipsius
1086 2236 1163 2280 voce,
1193 2218 1296 2275 uirilius
1319 2218 1445 2275 mortalis
1476 2219 1504 2275 in
1532 2237 1599 2293 prae·

305 2306 393 2362 sentia
414 2323 492 2378 aeque
512 2321 541 2359 se
564 2321 625 2359 esse
647 2303 788 2377 cupidum,
811 2321 841 2358 ac
862 2303 936 2358 Petri
957 2302 1106 2359 llosellaui.
1145 2303 1263 2360 Obsecro
1285 2304 1357 2377 quod
1380 2303 1495 2360 uberius
1516 2303 1599 2360 laudis

305 2389 491 2448 testimonium
514 2387 555 2443 rel
575 2397 669 2463 optare
690 2390 854 2462 possumus?
887 2387 1026 2462 Siquidem
1045 2406 1081 2446 ea,
1105 2388 1212 2444 demum
1239 2407 1300 2445 vera
1328 2407 1358 2445 ac
1389 2406 1520 2461 germana
1544 2388 1599 2444 laus

305 2484 362 2536 est,
385 2491 444 2548 qirae
464 2473 646 2547 proficiscitur
665 2492 680 2528 a
703 2471 899 2528 laudatissimo.
944 2472 1001 2529 lloc
1023 2471 1084 2529 loco
1099 2473 1141 2528 rix
1157 2483 1246 2529 tacere
1267 2491 1394 2548 possum,
1419 2483 1449 2529 ut
1467 2474 1599 2547 equestris

306 2559 423 2618 ordinis.
448 2559 484 2613 ita
503 2567 531 2613 et
548 2557 687 2612 literarum
705 2558 787 2613 decus
804 2555 941 2614 Ulrichum
957 2557 1120 2618 llutbenum
1139 2558 1255 2614 duorum
1268 2568 1343 2614 certe
1359 2558 1513 2614 Germania.
1531 2567 1627 2613 sum-tt

307 2660 412 2699 morum
432 2642 585 2716 principum
604 2641 709 2696 hlbc'rti
731 2641 947 2697 reverendissimi
969 2641 1118 2699 Cardinalis
1140 2641 1449 2714 lloguutiaci.'dorrrini
1478 2644 1530 2698 mei
1551 2645 1598 2698 cle

308 2727 483 2789 mentimini,
512 2746 542 2782 ac
566 2726 733 2782 serenissimi
756 2727 872 2782 nustriae
893 2726 1044 2783 archiducis
1066 2727 1228 2782 Ferdiuandi
1252 2726 1337 2783 incliti
1364 2729 1440 2800 regis
1465 2726 1599 2802 Hispania·

307 2830 381 2873 rum,
405 2830 436 2868 ae
458 2813 639 2867 Romanorum
663 2811 756 2867 fratris
778 2831 792 2866 a
812 2811 944 2868 consiliis.
989 2810 1012 2866 is
1035 2811 1107 2867 bunc
1128 2821 1252 2867 nostrum
1274 2811 1452 2868 llosellanum
1476 2811 1514 2883 (id
1535 2811 1598 2885 qum

307 2897 372 2953 mibi
396 2896 642 2970 compertissimum
663 2896 716 2968 est)
736 2895 775 2951 sic
793 2904 879 2958 amat,
901 2904 932 2951 ut
955 2896 1001 2971 qui
1021 2896 1150 2958 maxime,
1174 2896 1213 2952 sic
1234 2895 1334 2953 iudicio
1356 2895 1510 2953 honorifico
1529 2913 1598 2951 cror-

212 3008 214 3011 ·
307 2992 368 3045 nat,
399 2991 428 3037 ut
449 3000 561 3039 summae
580 2982 688 3037 virtutis
707 2982 811 3037 iuvenis
831 2989 958 3037 meretur.
1004 2980 1072 3049 Quid
1094 2991 1184 3038 autem
1204 2983 1275 3056 quod
1295 2990 1324 3038 et
1346 2982 1442 3038 Galliis
1457 2969 1625 3038 'Masclianis

307 3069 393 3124 virtus
418 3067 554 3125 innotuit?
578 3108 728 3121 .......

319 3459 480 3517 unornane.
858 3446 1054 3523 CLXHH.
1419 3476 1439 3516 t.
1454 3483 1514 3517 nar.
1531 3477 1583 3515 rao.
1653 3536 1654 3540 ἵ

437 3636 618 3698 l'LRlCllVS
641 3635 838 3697 ttv'tTENVS
860 3636 1063 3698 BONthCIO
1085 3636 1338 3699 AMORBtCCttO
1368 3639 1473 3700 SALV.

394 3772 484 3834 Recto
513 3773 583 3832 lacis
612 3772 690 3850 quod
719 3791 795 3832 noro
825 3772 945 3833 consilio
974 3773 1074 3833 literas
1101 3774 1138 3834 ad
1167 3793 1214 3833 me
1243 3756 1348 3834 scribis
1378 3776 1463 3834 istam
1494 3759 1599 3853 lugiens

309 3876 508 3936 laudationum
536 3892 690 3951 pompam,
720 3891 737 3932 a
766 3893 823 3953 qua
850 3892 967 3952 semper
996 3874 1151 3944 abhorrui,
1182 3882 1213 3936 ut
1235 3878 1284 3955 qui
1313 3878 1372 3935 nob
1399 3878 1534 3956 ignorem
1556 3884 1623 3936 mett

310 3997 397 4056 apuam
420 3996 479 4036 non
502 3978 557 4035 sim
579 3992 680 4052 capax.
726 3975 767 4035 lle
797 3976 907 4053 Dorpio
937 3977 1015 4056 quod
1044 3979 1167 4055 resipuit
1197 3977 1288 4050 umlto
1317 3986 1386 4038 aute
1417 3997 1454 4039 ex
1484 3979 1597 4039 Erasmo

310 4080 404 4140 didici.
451 4078 573 4155 Scripsit
595 4076 630 4136 ad
653 4095 700 4135 me
724 4076 876 4153 epistolam
898 4080 1094 4156 peramicam‚
1121 4097 1192 4164 uam
1220 4082 1283 4159 ipse
1310 4080 1394 4157 prius
1423 4079 1463 4140 illi
1492 4081 1599 4140 hortatu

312 4267 451 4316 CLXllIl.
487 4262 643 4329 Epistulam
668 4263 845 4312 exactissime
870 4214 1082 4329 affini)
1101 4263 1157 4314 MS.
1177 4264 1408 4330 originalium,
1430 4267 1501 4331 quod
1521 4266 1598 4316 estin

309 4351 493 4412 Bibliothecae
512 4348 645 4397 antistitii
664 4346 835 4396 Basilcensis
857 4347 911 4397 vol.
931 4349 959 4398 in
978 4348 1026 4398 iol.
1046 4349 1074 4397 in
1097 4348 1177 4399 dorso
1201 4350 1336 4415 inscripto
1360 4366 1505 4401 erroreum
1529 4364 1596 4400 vino-

310 4433 388 4499 unul
404 4431 608 4494 antiomenon!
625 4447 689 4481 suc.
710 4447 766 4480 arr.
783 4430 788 4491 Ι
804 4446 895 4481 nouus
909 4448 928 4481 1.
946 4430 950 4496 Ι
964 4450 991 4497 p.
1004 4430 1075 4482 248⁸.
1111 4434 1267 4485 Excedam
1286 4449 1334 4484 mo.
1355 4434 1440 4498 libro,
1465 4437 1514 4486 sed
1533 4450 1596 4485 mcu-

491 4518 556 4567 doso
571 4516 696 4566 exhibuit
713 4516 740 4578 2)
754 4516 876 4565 llbhrich
890 4516 1428 4583 (Indic.bibliogr.n.85.)p.631.n.x11.

378 4702 399 4736 ¹⁰
418 4709 552 4769 ceperunt
566 4708 590 4754 1.
661 4700 729 4733 ²²³³
753 4718 787 4752 ac
805 4703 991 4753 senhustriae
1047 4720 1064 4753 a
1083 4701 1218 4769 consiliis]
1243 4706 1282 4754 De
1305 4706 1353 4755 hec
1371 4707 1482 4756 Ilutteni
1497 4719 1593 4758 munere,

309 4803 431 4852 perquam
450 4788 537 4846 cirelio,
556 4793 601 4839 oin
618 4791 670 4838 otia
687 4790 831 4839 testimonio
848 4773 980 4838 cantabunt.
1003 4789 1042 4852 Cf.
1055 4805 1136 4853 supro
1149 4806 1173 4838 n.
1189 4788 1269 4838 CLV.
1290 4794 1319 4839 et
1330 4807 1357 4855 p.
1371 4789 1430 4841 341.
1445 4807 1489 4842 vv.
1503 4791 1526 4839 7.
1539 4806 1574 4853 sq.

377 4869 399 4902 ²⁸
416 4871 602 4923 hmorbacbio
620 4872 703 4922 salut.
717 4874 743 4921 2.
801 4870 823 4905 ³⁰
841 4871 1010 4924 laudationis
1022 4872 1046 4923 2.
1117 4870 1141 4903 ⁸²
1159 4871 1316 4939 epistolam]
1336 4877 1386 4925 iarn
1403 4891 1453 4926 uon
1471 4880 1594 4926 extantem

311 4961 338 5004 ut
355 4972 402 5005 nec
419 4957 529 5006 Huttent
545 4960 731 5022 congratulatio
749 4957 820 5007 nobis
836 4964 963 5022 superest.
1016 4954 1090 5023 nam]
1111 4959 1195 5009 istam
1207 4960 1234 5009 2.
