<?xml version="1.0" encoding="UTF-8"?>
<!DOCTYPE html PUBLIC "-//W3C//DTD XHTML 1.0 Transitional//EN"
    "http://www.w3.org/TR/xhtml1/DTD/xhtml1-transitional.dtd">
<html xmlns="http://www.w3.org/1999/xhtml" xml:lang="en" lang="en">
 <head>
  <title>
</title>
<meta http-equiv="Content-Type" content="text/html;charset=utf-8" />
  <meta name='ocr-system' content='tesseract 3.04.00' />
  <meta name='ocr-capabilities' content='ocr_page ocr_carea ocr_par ocr_line ocrx_word'/>
</head>
<body>
  <div class='ocr_page' id='page_1' title='image "./ulrichihuttenie07huttgoog_0437.png"; bbox 0 0 3917 5950; ppageno 0'>
   <div class='ocr_carea' id='block_1_1' title="bbox 480 605 1600 695">
    <p class='ocr_par' dir='ltr' id='par_1_1' title="bbox 480 605 1600 695">
     <span class='ocr_line' id='line_1_1' title="bbox 480 605 1600 695; baseline -0.001 -25"><span class='ocrx_word' id='word_1_1' title='bbox 480 620 561 675; x_wconf 82' lang='lat' dir='ltr'>CXL.</span> <span class='ocrx_word' id='word_1_2' title='bbox 580 637 664 674; x_wconf 84' lang='lat' dir='ltr'><strong>cnorr</strong></span> <span class='ocrx_word' id='word_1_3' title='bbox 678 637 796 673; x_wconf 75' lang='lat' dir='ltr'><strong>sverans</strong></span> <span class='ocrx_word' id='word_1_4' title='bbox 810 636 846 672; x_wconf 82' lang='lat' dir='ltr'><strong>ao</strong></span> <span class='ocrx_word' id='word_1_5' title='bbox 860 636 975 695; x_wconf 75' lang='lat' dir='ltr'><strong>usuris.</strong></span> <span class='ocrx_word' id='word_1_6' title='bbox 990 636 1140 672; x_wconf 78' lang='lat' dir='ltr'><strong>nvrunnvu</strong></span> <span class='ocrx_word' id='word_1_7' title='bbox 1154 639 1196 672; x_wconf 84' lang='lat' dir='ltr'><strong>sn.</strong></span> <span class='ocrx_word' id='word_1_8' title='bbox 1211 638 1237 672; x_wconf 86' lang='lat' dir='ltr'><strong>n.</strong></span> <span class='ocrx_word' id='word_1_9' title='bbox 1254 629 1285 670; x_wconf 84' lang='grc'><strong>16.</strong></span> <span class='ocrx_word' id='word_1_10' title='bbox 1300 637 1360 671; x_wconf 86' lang='lat' dir='ltr'><strong>ocr.</strong></span> <span class='ocrx_word' id='word_1_11' title='bbox 1376 628 1434 672; x_wconf 82' lang='lat' dir='ltr'><strong>ista.</strong></span> <span class='ocrx_word' id='word_1_12' title='bbox 1528 605 1600 679; x_wconf 82' lang='lat'><strong>309</strong></span> 
     </span>
    </p>
   </div>
   <div class='ocr_carea' id='block_1_2' title="bbox 310 795 1602 941">
    <p class='ocr_par' dir='ltr' id='par_1_2' title="bbox 310 795 1602 941">
     <span class='ocr_line' id='line_1_2' title="bbox 311 795 1602 874; baseline 0 -20"><span class='ocrx_word' id='word_1_13' title='bbox 311 805 429 855; x_wconf 81' lang='lat' dir='ltr'><strong>moristra</strong></span> <span class='ocrx_word' id='word_1_14' title='bbox 450 797 617 872; x_wconf 81' lang='lat' dir='ltr'><strong>protulerit?</strong></span> <span class='ocrx_word' id='word_1_15' title='bbox 643 797 780 854; x_wconf 84' lang='lat' dir='ltr'><strong>Phaelrum</strong></span> <span class='ocrx_word' id='word_1_16' title='bbox 803 795 901 852; x_wconf 89' lang='lat' dir='ltr'><strong>saluto.</strong></span> <span class='ocrx_word' id='word_1_17' title='bbox 939 795 1011 853; x_wconf 87' lang='lat' dir='ltr'><strong>huuc</strong></span> <span class='ocrx_word' id='word_1_18' title='bbox 1033 797 1115 854; x_wconf 86' lang='lat' dir='ltr'><strong>eciam</strong></span> <span class='ocrx_word' id='word_1_19' title='bbox 1139 798 1241 874; x_wconf 89' lang='lat' dir='ltr'><strong>optime</strong></span> <span class='ocrx_word' id='word_1_20' title='bbox 1263 796 1353 855; x_wconf 85' lang='lat' dir='ltr'><strong>valere</strong></span> <span class='ocrx_word' id='word_1_21' title='bbox 1374 797 1451 872; x_wconf 89' lang='lat' dir='ltr'><strong>cupit</strong></span> <span class='ocrx_word' id='word_1_22' title='bbox 1465 796 1602 854; x_wconf 87' lang='lat' dir='ltr'><strong>Erlrardus</strong></span> 
     </span>
     <span class='ocr_line' id='line_1_3' title="bbox 310 882 658 941; baseline 0 -4"><span class='ocrx_word' id='word_1_23' title='bbox 310 900 356 941; x_wconf 84' lang='lat' dir='ltr'><strong>iou</strong></span> <span class='ocrx_word' id='word_1_24' title='bbox 377 883 428 940; x_wconf 90' lang='lat' dir='ltr'><strong>der</strong></span> <span class='ocrx_word' id='word_1_25' title='bbox 451 882 526 938; x_wconf 85' lang='lat' dir='ltr'><strong>&#39;l&#39;hau</strong></span> <span class='ocrx_word' id='word_1_26' title='bbox 548 882 658 939; x_wconf 77' lang='lat' dir='ltr'><strong>nobilis,</strong></span> 
     </span>
    </p>
   </div>
   <div class='ocr_carea' id='block_1_3' title="bbox 323 1114 1592 1175">
    <p class='ocr_par' dir='ltr' id='par_1_3' title="bbox 323 1114 1592 1175">
     <span class='ocr_line' id='line_1_4' title="bbox 323 1114 1592 1175; baseline 0 -9"><span class='ocrx_word' id='word_1_27' title='bbox 323 1131 463 1167; x_wconf 75' lang='lat' dir='ltr'><strong>noscaris.</strong></span> <span class='ocrx_word' id='word_1_28' title='bbox 937 1114 965 1175; x_wconf 78' lang='grc'><strong>2,</strong></span> <span class='ocrx_word' id='word_1_29' title='bbox 1336 1133 1361 1167; x_wconf 81' lang='lat' dir='ltr'><strong>n.</strong></span> <span class='ocrx_word' id='word_1_30' title='bbox 1376 1125 1409 1168; x_wconf 82' lang='lat' dir='ltr'><strong>tu.</strong></span> <span class='ocrx_word' id='word_1_31' title='bbox 1425 1134 1484 1168; x_wconf 71' lang='grc' dir='ltr'><strong>ουτ.</strong></span> <span class='ocrx_word' id='word_1_32' title='bbox 1498 1126 1592 1167; x_wconf 64' lang='lat' dir='ltr'><strong>stato.</strong></span> 
     </span>
    </p>
   </div>
   <div class='ocr_carea' id='block_1_4' title="bbox 753 1271 1145 1345">
    <p class='ocr_par' dir='ltr' id='par_1_4' title="bbox 753 1271 1145 1345">
     <span class='ocr_line' id='line_1_5' title="bbox 753 1271 1145 1345; baseline -0.003 -17"><span class='ocrx_word' id='word_1_33' title='bbox 753 1271 830 1328; x_wconf 79' lang='lat' dir='ltr'><strong>lllllll</strong></span> <span class='ocrx_word' id='word_1_34' title='bbox 850 1272 1012 1345; x_wconf 84' lang='lat' dir='ltr'><em>[EIDEM]</em></span> <span class='ocrx_word' id='word_1_35' title='bbox 1032 1274 1058 1329; x_wconf 85' lang='lat' dir='ltr'><strong>S.</strong></span> <span class='ocrx_word' id='word_1_36' title='bbox 1074 1274 1102 1329; x_wconf 89' lang='lat' dir='ltr'><strong>P.</strong></span> <span class='ocrx_word' id='word_1_37' title='bbox 1118 1273 1145 1328; x_wconf 87' lang='lat' dir='ltr'><strong>ll.</strong></span> 
     </span>
    </p>
   </div>
   <div class='ocr_carea' id='block_1_5' title="bbox 293 1408 1669 3518">
    <p class='ocr_par' dir='ltr' id='par_1_5' title="bbox 293 1408 1669 3518">
     <span class='ocr_line' id='line_1_6' title="bbox 293 1408 1658 1482; baseline 0 -14"><span class='ocrx_word' id='word_1_38' title='bbox 293 1419 300 1459; x_wconf 83' lang='lat' dir='ltr'><strong>t</strong></span> <span class='ocrx_word' id='word_1_39' title='bbox 390 1412 463 1474; x_wconf 91' lang='lat' dir='ltr'><strong>lluo,</strong></span> <span class='ocrx_word' id='word_1_40' title='bbox 492 1409 606 1467; x_wconf 87' lang='lat' dir='ltr'><strong>llartiue</strong></span> <span class='ocrx_word' id='word_1_41' title='bbox 628 1408 780 1465; x_wconf 87' lang='lat' dir='ltr'><strong>venerande</strong></span> <span class='ocrx_word' id='word_1_42' title='bbox 803 1408 928 1482; x_wconf 77' lang='lat' dir='ltr'>idemque</span> <span class='ocrx_word' id='word_1_43' title='bbox 950 1409 1016 1465; x_wconf 79' lang='lat' dir='ltr'><strong>milri</strong></span> <span class='ocrx_word' id='word_1_44' title='bbox 1038 1409 1210 1473; x_wconf 87' lang='lat' dir='ltr'><strong>charissime,</strong></span> <span class='ocrx_word' id='word_1_45' title='bbox 1239 1411 1345 1468; x_wconf 85' lang='lat' dir='ltr'><strong>dunum</strong></span> <span class='ocrx_word' id='word_1_46' title='bbox 1374 1414 1400 1469; x_wconf 95' lang='lat' dir='ltr'><strong>in</strong></span> <span class='ocrx_word' id='word_1_47' title='bbox 1429 1421 1455 1469; x_wconf 91' lang='lat' dir='ltr'><strong>te</strong></span> <span class='ocrx_word' id='word_1_48' title='bbox 1484 1430 1603 1469; x_wconf 90' lang='lat' dir='ltr'><strong>amorem</strong></span> <span class='ocrx_word' id='word_1_49' title='bbox 1613 1410 1658 1460; x_wconf 73' lang='lat' dir='ltr'><strong>§.t</strong></span> 
     </span>
     <span class='ocr_line' id='line_1_7' title="bbox 307 1486 1602 1571; baseline -0.002 -16"><span class='ocrx_word' id='word_1_50' title='bbox 307 1516 395 1555; x_wconf 86' lang='lat' dir='ltr'><strong>meum</strong></span> <span class='ocrx_word' id='word_1_51' title='bbox 417 1495 592 1557; x_wconf 87' lang='lat' dir='ltr'><strong>custodiunt.</strong></span> <span class='ocrx_word' id='word_1_52' title='bbox 616 1495 690 1568; x_wconf 91' lang='lat' dir='ltr'><strong>quod</strong></span> <span class='ocrx_word' id='word_1_53' title='bbox 710 1511 813 1550; x_wconf 88' lang='lat' dir='ltr'><strong>summa</strong></span> <span class='ocrx_word' id='word_1_54' title='bbox 829 1493 1012 1550; x_wconf 76' lang='lat' dir='ltr'><strong>familiaritate</strong></span> <span class='ocrx_word' id='word_1_55' title='bbox 1028 1493 1167 1551; x_wconf 74' lang='lat' dir='ltr'><strong>Erliordiae</strong></span> <span class='ocrx_word' id='word_1_56' title='bbox 1182 1496 1262 1552; x_wconf 91' lang='lat' dir='ltr'><strong>bonis</strong></span> <span class='ocrx_word' id='word_1_57' title='bbox 1277 1497 1381 1555; x_wconf 88' lang='lat' dir='ltr'><strong>artibus</strong></span> <span class='ocrx_word' id='word_1_58' title='bbox 1397 1497 1476 1553; x_wconf 91' lang='lat' dir='ltr'><strong>simul</strong></span> <span class='ocrx_word' id='word_1_59' title='bbox 1493 1486 1602 1571; x_wconf 89' lang='lat' dir='ltr'><strong>operam</strong></span> 
     </span>
     <span class='ocr_line' id='line_1_8' title="bbox 306 1579 1603 1653; baseline -0.002 -14"><span class='ocrx_word' id='word_1_60' title='bbox 306 1583 430 1641; x_wconf 82' lang='lat' dir='ltr'><strong>dedimus</strong></span> <span class='ocrx_word' id='word_1_61' title='bbox 452 1590 532 1638; x_wconf 79' lang='lat' dir='ltr'><strong>aetate</strong></span> <span class='ocrx_word' id='word_1_62' title='bbox 556 1579 678 1641; x_wconf 85' lang='lat' dir='ltr'><strong>iuvenili,</strong></span> <span class='ocrx_word' id='word_1_63' title='bbox 702 1579 776 1653; x_wconf 87' lang='lat' dir='ltr'><strong>quod</strong></span> <span class='ocrx_word' id='word_1_64' title='bbox 799 1587 906 1652; x_wconf 91' lang='lat' dir='ltr'><strong>tempus</strong></span> <span class='ocrx_word' id='word_1_65' title='bbox 933 1579 1005 1635; x_wconf 92' lang='lat' dir='ltr'><strong>inter</strong></span> <span class='ocrx_word' id='word_1_66' title='bbox 1028 1579 1130 1636; x_wconf 82' lang='lat' dir='ltr'><strong>similes</strong></span> <span class='ocrx_word' id='word_1_67' title='bbox 1153 1599 1244 1637; x_wconf 91' lang='lat' dir='ltr'><strong>mores</strong></span> <span class='ocrx_word' id='word_1_68' title='bbox 1267 1583 1401 1639; x_wconf 85' lang='lat' dir='ltr'><strong>artissima</strong></span> <span class='ocrx_word' id='word_1_69' title='bbox 1430 1583 1603 1638; x_wconf 83' lang='lat' dir='ltr'><strong>fundamenta</strong></span> 
     </span>
     <span class='ocr_line' id='line_1_9' title="bbox 306 1663 1604 1740; baseline -0.002 -15"><span class='ocrx_word' id='word_1_70' title='bbox 306 1668 435 1725; x_wconf 77' lang='lat' dir='ltr'><strong>amiciciae</strong></span> <span class='ocrx_word' id='word_1_71' title='bbox 457 1666 589 1728; x_wconf 89' lang='lat' dir='ltr'><strong>collocat,</strong></span> <span class='ocrx_word' id='word_1_72' title='bbox 611 1665 709 1736; x_wconf 87' lang='lat' dir='ltr'><strong>deipde</strong></span> <span class='ocrx_word' id='word_1_73' title='bbox 731 1664 803 1737; x_wconf 88' lang='lat' dir='ltr'><strong>quod</strong></span> <span class='ocrx_word' id='word_1_74' title='bbox 828 1673 854 1720; x_wconf 95' lang='lat' dir='ltr'><strong>te</strong></span> <span class='ocrx_word' id='word_1_75' title='bbox 876 1663 1007 1719; x_wconf 85' lang='lat' dir='ltr'><strong>habemus</strong></span> <span class='ocrx_word' id='word_1_76' title='bbox 1031 1673 1084 1720; x_wconf 90' lang='lat' dir='ltr'><strong>tam</strong></span> <span class='ocrx_word' id='word_1_77' title='bbox 1107 1667 1247 1739; x_wconf 80' lang='lat' dir='ltr'><strong>egregium</strong></span> <span class='ocrx_word' id='word_1_78' title='bbox 1263 1667 1434 1723; x_wconf 78' lang='lat' dir='ltr'><strong>defensorem</strong></span> <span class='ocrx_word' id='word_1_79' title='bbox 1449 1676 1531 1724; x_wconf 82' lang='lat' dir='ltr'><strong>rectae</strong></span> <span class='ocrx_word' id='word_1_80' title='bbox 1547 1667 1604 1740; x_wconf 89' lang='lat' dir='ltr'><strong>pie·</strong></span> 
     </span>
     <span class='ocr_line' id='line_1_10' title="bbox 307 1748 1602 1826; baseline -0.002 -16"><span class='ocrx_word' id='word_1_81' title='bbox 307 1754 386 1816; x_wconf 81' lang='lat' dir='ltr'><strong>tatis,</strong></span> <span class='ocrx_word' id='word_1_82' title='bbox 418 1769 499 1826; x_wconf 89' lang='lat' dir='ltr'><strong>quam</strong></span> <span class='ocrx_word' id='word_1_83' title='bbox 523 1758 627 1806; x_wconf 87' lang='lat' dir='ltr'><strong>tautum</strong></span> <span class='ocrx_word' id='word_1_84' title='bbox 649 1749 774 1823; x_wconf 80' lang='lat' dir='ltr'><strong>protegis</strong></span> <span class='ocrx_word' id='word_1_85' title='bbox 796 1748 892 1823; x_wconf 76' lang='lat' dir='ltr'><strong>clypeo</strong></span> <span class='ocrx_word' id='word_1_86' title='bbox 915 1749 1059 1824; x_wconf 78' lang='lat' dir='ltr'><strong>scripturae</strong></span> <span class='ocrx_word' id='word_1_87' title='bbox 1082 1759 1211 1823; x_wconf 91' lang='lat' dir='ltr'><strong>quantum</strong></span> <span class='ocrx_word' id='word_1_88' title='bbox 1234 1761 1368 1807; x_wconf 90' lang='lat' dir='ltr'><strong>conantur</strong></span> <span class='ocrx_word' id='word_1_89' title='bbox 1395 1752 1441 1807; x_wconf 91' lang='lat' dir='ltr'><strong>alii</strong></span> <span class='ocrx_word' id='word_1_90' title='bbox 1463 1769 1510 1826; x_wconf 89' lang='lat' dir='ltr'><strong>spe</strong></span> <span class='ocrx_word' id='word_1_91' title='bbox 1532 1751 1602 1808; x_wconf 91' lang='lat' dir='ltr'><strong>lucri</strong></span> 
     </span>
     <span class='ocr_line' id='line_1_11' title="bbox 293 1833 1657 1911; baseline -0.004 -16"><span class='ocrx_word' id='word_1_92' title='bbox 293 1837 477 1895; x_wconf 75' lang='lat' dir='ltr'><strong>lsubvertere.</strong></span> <span class='ocrx_word' id='word_1_93' title='bbox 510 1834 569 1904; x_wconf 80' lang='lat' dir='ltr'><strong>Quo</strong></span> <span class='ocrx_word' id='word_1_94' title='bbox 592 1834 674 1890; x_wconf 88' lang='lat' dir='ltr'><strong>litut</strong></span> <span class='ocrx_word' id='word_1_95' title='bbox 697 1834 743 1908; x_wconf 94' lang='lat' dir='ltr'><strong>qui</strong></span> <span class='ocrx_word' id='word_1_96' title='bbox 766 1843 821 1889; x_wconf 88' lang='lat' dir='ltr'><strong>tam</strong></span> <span class='ocrx_word' id='word_1_97' title='bbox 845 1833 926 1906; x_wconf 83' lang='lat' dir='ltr'><strong>louge</strong></span> <span class='ocrx_word' id='word_1_98' title='bbox 948 1834 1056 1896; x_wconf 90' lang='lat' dir='ltr'><strong>absum,</strong></span> <span class='ocrx_word' id='word_1_99' title='bbox 1080 1836 1180 1909; x_wconf 79' lang='lat' dir='ltr'><strong>sapius</strong></span> <span class='ocrx_word' id='word_1_100' title='bbox 1204 1844 1291 1892; x_wconf 88' lang='lat' dir='ltr'><strong>tecum</strong></span> <span class='ocrx_word' id='word_1_101' title='bbox 1313 1836 1469 1911; x_wconf 85' lang='lat' dir='ltr'><strong>colloquar,</strong></span> <span class='ocrx_word' id='word_1_102' title='bbox 1492 1837 1602 1910; x_wconf 80' lang='lat' dir='ltr'><strong>iungam</strong></span> <span class='ocrx_word' id='word_1_103' title='bbox 1612 1839 1657 1889; x_wconf 73' lang='lat' dir='ltr'><strong>§.a</strong></span> 
     </span>
     <span class='ocr_line' id='line_1_12' title="bbox 305 1919 1602 1995; baseline -0.002 -16"><span class='ocrx_word' id='word_1_104' title='bbox 305 1924 444 1985; x_wconf 78' lang='lat' dir='ltr'>dextram,</span> <span class='ocrx_word' id='word_1_105' title='bbox 473 1922 507 1977; x_wconf 90' lang='lat' dir='ltr'><strong>de</strong></span> <span class='ocrx_word' id='word_1_106' title='bbox 531 1929 557 1976; x_wconf 88' lang='lat' dir='ltr'><strong>te</strong></span> <span class='ocrx_word' id='word_1_107' title='bbox 580 1920 726 1981; x_wconf 85' lang='lat' dir='ltr'><strong>somniem,</strong></span> <span class='ocrx_word' id='word_1_108' title='bbox 757 1937 836 1992; x_wconf 90' lang='lat' dir='ltr'><strong>quam</strong></span> <span class='ocrx_word' id='word_1_109' title='bbox 860 1919 878 1973; x_wconf 92' lang='lat' dir='ltr'><strong>ii</strong></span> <span class='ocrx_word' id='word_1_110' title='bbox 902 1936 971 1991; x_wconf 86' lang='lat' dir='ltr'><strong>quos</strong></span> <span class='ocrx_word' id='word_1_111' title='bbox 1000 1937 1086 1993; x_wconf 80' lang='lat' dir='ltr'>prope</span> <span class='ocrx_word' id='word_1_112' title='bbox 1109 1920 1206 1983; x_wconf 87' lang='lat' dir='ltr'><strong>lrahes;</strong></span> <span class='ocrx_word' id='word_1_113' title='bbox 1240 1922 1266 1976; x_wconf 94' lang='lat' dir='ltr'><strong>in</strong></span> <span class='ocrx_word' id='word_1_114' title='bbox 1290 1940 1342 1995; x_wconf 93' lang='lat' dir='ltr'><strong>qua</strong></span> <span class='ocrx_word' id='word_1_115' title='bbox 1365 1940 1394 1977; x_wconf 90' lang='lat' dir='ltr'><strong>re</strong></span> <span class='ocrx_word' id='word_1_116' title='bbox 1417 1922 1530 1977; x_wconf 88' lang='lat' dir='ltr'><strong>Hessum</strong></span> <span class='ocrx_word' id='word_1_117' title='bbox 1553 1938 1602 1976; x_wconf 94' lang='lat' dir='ltr'><strong>no-</strong></span> 
     </span>
     <span class='ocr_line' id='line_1_13' title="bbox 306 2004 1603 2080; baseline -0.003 -15"><span class='ocrx_word' id='word_1_118' title='bbox 306 2015 396 2065; x_wconf 81' lang='lat' dir='ltr'><strong>strum</strong></span> <span class='ocrx_word' id='word_1_119' title='bbox 427 2014 526 2062; x_wconf 89' lang='lat' dir='ltr'><strong>testem</strong></span> <span class='ocrx_word' id='word_1_120' title='bbox 554 2005 638 2068; x_wconf 87' lang='lat' dir='ltr'><strong>iaeio,</strong></span> <span class='ocrx_word' id='word_1_121' title='bbox 668 2004 812 2077; x_wconf 84' lang='lat' dir='ltr'><strong>utriusque</strong></span> <span class='ocrx_word' id='word_1_122' title='bbox 842 2012 967 2059; x_wconf 89' lang='lat' dir='ltr'><strong>nostrum</strong></span> <span class='ocrx_word' id='word_1_123' title='bbox 994 2006 1065 2078; x_wconf 92' lang='lat' dir='ltr'><strong>apud</strong></span> <span class='ocrx_word' id='word_1_124' title='bbox 1093 2013 1120 2061; x_wconf 88' lang='lat' dir='ltr'><strong>te</strong></span> <span class='ocrx_word' id='word_1_125' title='bbox 1145 2004 1283 2078; x_wconf 73' lang='lat' dir='ltr'><strong>legatione</strong></span> <span class='ocrx_word' id='word_1_126' title='bbox 1306 2008 1479 2080; x_wconf 83' lang='lat' dir='ltr'><strong>fungentem:</strong></span> <span class='ocrx_word' id='word_1_127' title='bbox 1512 2014 1603 2062; x_wconf 90' lang='lat' dir='ltr'><strong>movet</strong></span> 
     </span>
     <span class='ocr_line' id='line_1_14' title="bbox 306 2089 1602 2162; baseline -0.005 -12"><span class='ocrx_word' id='word_1_128' title='bbox 306 2092 379 2150; x_wconf 88' lang='lat' dir='ltr'><strong>enim</strong></span> <span class='ocrx_word' id='word_1_129' title='bbox 402 2109 460 2154; x_wconf 90' lang='lat' dir='ltr'><strong>me,</strong></span> <span class='ocrx_word' id='word_1_130' title='bbox 482 2091 610 2153; x_wconf 85' lang='lat' dir='ltr'><strong>llartine.</strong></span> <span class='ocrx_word' id='word_1_131' title='bbox 633 2096 724 2145; x_wconf 88' lang='lat' dir='ltr'><strong>movet</strong></span> <span class='ocrx_word' id='word_1_132' title='bbox 744 2090 930 2145; x_wconf 89' lang='lat' dir='ltr'><strong>controversia</strong></span> <span class='ocrx_word' id='word_1_133' title='bbox 954 2106 1034 2162; x_wconf 91' lang='lat' dir='ltr'><strong>quam</strong></span> <span class='ocrx_word' id='word_1_134' title='bbox 1058 2090 1106 2145; x_wconf 89' lang='lat' dir='ltr'><strong>tibi</strong></span> <span class='ocrx_word' id='word_1_135' title='bbox 1134 2091 1305 2147; x_wconf 86' lang='lat' dir='ltr'><strong>concitarunt</strong></span> <span class='ocrx_word' id='word_1_136' title='bbox 1333 2109 1394 2148; x_wconf 89' lang='lat' dir='ltr'><strong>cum</strong></span> <span class='ocrx_word' id='word_1_137' title='bbox 1422 2091 1515 2148; x_wconf 88' lang='lat' dir='ltr'><strong>multis</strong></span> <span class='ocrx_word' id='word_1_138' title='bbox 1542 2089 1602 2147; x_wconf 85' lang='lat' dir='ltr'><strong>aliis</strong></span> 
     </span>
     <span class='ocr_line' id='line_1_15' title="bbox 306 2173 1658 2251; baseline -0.004 -17"><span class='ocrx_word' id='word_1_139' title='bbox 306 2179 334 2234; x_wconf 88' lang='lat' dir='ltr'><strong>in</strong></span> <span class='ocrx_word' id='word_1_140' title='bbox 356 2185 440 2251; x_wconf 76' lang='lat' dir='ltr'><strong>eaput</strong></span> <span class='ocrx_word' id='word_1_141' title='bbox 463 2184 539 2232; x_wconf 92' lang='lat' dir='ltr'><strong>tuum</strong></span> <span class='ocrx_word' id='word_1_142' title='bbox 561 2175 752 2248; x_wconf 80' lang='lat' dir='ltr'><strong>conspirantes</strong></span> <span class='ocrx_word' id='word_1_143' title='bbox 767 2173 956 2229; x_wconf 78' lang='lat' dir='ltr'><strong>llomiuieistae.</strong></span> <span class='ocrx_word' id='word_1_144' title='bbox 996 2182 1024 2229; x_wconf 90' lang='lat' dir='ltr'><strong>et</strong></span> <span class='ocrx_word' id='word_1_145' title='bbox 1046 2175 1097 2229; x_wconf 87' lang='lat' dir='ltr'><strong>nisi</strong></span> <span class='ocrx_word' id='word_1_146' title='bbox 1120 2174 1284 2249; x_wconf 77' lang='lat' dir='ltr'><strong>contigisses</strong></span> <span class='ocrx_word' id='word_1_147' title='bbox 1306 2176 1435 2232; x_wconf 88' lang='lat' dir='ltr'><strong>divinitus</strong></span> <span class='ocrx_word' id='word_1_148' title='bbox 1458 2177 1520 2232; x_wconf 92' lang='lat' dir='ltr'><strong>huic</strong></span> <span class='ocrx_word' id='word_1_149' title='bbox 1541 2179 1658 2231; x_wconf 77' lang='lat' dir='ltr'><strong>eor-§.³-</strong></span> 
     </span>
     <span class='ocr_line' id='line_1_16' title="bbox 293 2253 1602 2337; baseline -0.002 -18"><span class='ocrx_word' id='word_1_150' title='bbox 293 2271 391 2337; x_wconf 69' lang='lat' dir='ltr'><strong>¹rrupto</strong></span> <span class='ocrx_word' id='word_1_151' title='bbox 414 2260 529 2323; x_wconf 68' lang='lat' dir='ltr'><strong>seculo,</strong></span> <span class='ocrx_word' id='word_1_152' title='bbox 559 2268 591 2316; x_wconf 92' lang='lat' dir='ltr'><strong>ut</strong></span> <span class='ocrx_word' id='word_1_153' title='bbox 617 2269 645 2317; x_wconf 89' lang='lat' dir='ltr'><strong>te</strong></span> <span class='ocrx_word' id='word_1_154' title='bbox 671 2259 830 2333; x_wconf 79' lang='lat' dir='ltr'><strong>magistrum</strong></span> <span class='ocrx_word' id='word_1_155' title='bbox 857 2259 989 2314; x_wconf 75' lang='lat' dir='ltr'><strong>doctrinm</strong></span> <span class='ocrx_word' id='word_1_156' title='bbox 1012 2259 1171 2315; x_wconf 81' lang='lat' dir='ltr'><strong>Christianae</strong></span> <span class='ocrx_word' id='word_1_157' title='bbox 1201 2267 1325 2316; x_wconf 88' lang='lat' dir='ltr'><strong>tueretur</strong></span> <span class='ocrx_word' id='word_1_158' title='bbox 1345 2261 1462 2318; x_wconf 72' lang='lat' dir='ltr'><strong>caelestis</strong></span> <span class='ocrx_word' id='word_1_159' title='bbox 1482 2253 1602 2322; x_wconf 79' lang='lat' dir='ltr'><strong>dextera.</strong></span> 
     </span>
     <span class='ocr_line' id='line_1_17' title="bbox 307 2326 1602 2419; baseline -0.003 -15"><span class='ocrx_word' id='word_1_160' title='bbox 307 2347 358 2405; x_wconf 74' lang='lat' dir='ltr'><strong>ism</strong></span> <span class='ocrx_word' id='word_1_161' title='bbox 381 2364 397 2402; x_wconf 82' lang='lat' dir='ltr'><strong>a</strong></span> <span class='ocrx_word' id='word_1_162' title='bbox 420 2345 501 2402; x_wconf 83' lang='lat' dir='ltr'><strong>nohis</strong></span> <span class='ocrx_word' id='word_1_163' title='bbox 529 2362 604 2401; x_wconf 90' lang='lat' dir='ltr'><strong>esses</strong></span> <span class='ocrx_word' id='word_1_164' title='bbox 625 2343 803 2400; x_wconf 89' lang='lat' dir='ltr'><strong>declamatus:</strong></span> <span class='ocrx_word' id='word_1_165' title='bbox 839 2351 930 2398; x_wconf 92' lang='lat' dir='ltr'><strong>tantus</strong></span> <span class='ocrx_word' id='word_1_166' title='bbox 959 2342 1069 2403; x_wconf 93' lang='lat' dir='ltr'><strong>illorum</strong></span> <span class='ocrx_word' id='word_1_167' title='bbox 1098 2345 1175 2401; x_wconf 82' lang='lat' dir='ltr'><strong>furor</strong></span> <span class='ocrx_word' id='word_1_168' title='bbox 1203 2353 1245 2401; x_wconf 90' lang='lat' dir='ltr'><strong>est</strong></span> <span class='ocrx_word' id='word_1_169' title='bbox 1274 2347 1320 2419; x_wconf 88' lang='lat' dir='ltr'><strong>qui</strong></span> <span class='ocrx_word' id='word_1_170' title='bbox 1348 2347 1498 2403; x_wconf 83' lang='lat' dir='ltr'><strong>doctrinam</strong></span> <span class='ocrx_word' id='word_1_171' title='bbox 1526 2326 1602 2403; x_wconf 84' lang='lat' dir='ltr'><strong>silam</strong></span> 
     </span>
     <span class='ocr_line' id='line_1_18' title="bbox 307 2423 1669 2510; baseline -0.002 -22"><span class='ocrx_word' id='word_1_172' title='bbox 307 2449 388 2507; x_wconf 85' lang='lat' dir='ltr'><strong>quam</strong></span> <span class='ocrx_word' id='word_1_173' title='bbox 412 2426 544 2504; x_wconf 81' lang='grc' dir='ltr'><strong><em>Χριστοῦ</em></strong></span> <span class='ocrx_word' id='word_1_174' title='bbox 566 2427 670 2485; x_wconf 93' lang='lat' dir='ltr'><strong>malunt</strong></span> <span class='ocrx_word' id='word_1_175' title='bbox 692 2428 816 2503; x_wconf 77' lang='lat' dir='ltr'><strong>probari:</strong></span> <span class='ocrx_word' id='word_1_176' title='bbox 839 2436 914 2483; x_wconf 90' lang='lat' dir='ltr'><strong>tanta</strong></span> <span class='ocrx_word' id='word_1_177' title='bbox 930 2427 1068 2484; x_wconf 85' lang='lat' dir='ltr'><strong>llhoruana</strong></span> <span class='ocrx_word' id='word_1_178' title='bbox 1091 2430 1218 2492; x_wconf 82' lang='lat' dir='ltr'><strong>avaricia,</strong></span> <span class='ocrx_word' id='word_1_179' title='bbox 1244 2429 1249 2502; x_wconf 90' lang='grc'>1</span> <span class='ocrx_word' id='word_1_180' title='bbox 1275 2438 1304 2485; x_wconf 94' lang='lat' dir='ltr'><strong>ut</strong></span> <span class='ocrx_word' id='word_1_181' title='bbox 1326 2423 1669 2510; x_wconf 74' lang='lat' dir='ltr'><strong>millevenenilfot.12·.</strong></span> 
     </span>
     <span class='ocr_line' id='line_1_19' title="bbox 307 2512 1659 2595; baseline -0.002 -22"><span class='ocrx_word' id='word_1_182' title='bbox 307 2516 404 2574; x_wconf 86' lang='lat' dir='ltr'><strong>modos</strong></span> <span class='ocrx_word' id='word_1_183' title='bbox 427 2533 459 2572; x_wconf 91' lang='lat' dir='ltr'><strong>ac</strong></span> <span class='ocrx_word' id='word_1_184' title='bbox 480 2515 651 2590; x_wconf 83' lang='lat' dir='ltr'><strong>proditiones</strong></span> <span class='ocrx_word' id='word_1_185' title='bbox 674 2514 807 2595; x_wconf 86' lang='lat' dir='ltr'><strong>inveniat,</strong></span> <span class='ocrx_word' id='word_1_186' title='bbox 832 2512 877 2568; x_wconf 94' lang='lat' dir='ltr'><strong>ubi</strong></span> <span class='ocrx_word' id='word_1_187' title='bbox 900 2512 964 2586; x_wconf 93' lang='lat' dir='ltr'><strong>quid</strong></span> <span class='ocrx_word' id='word_1_188' title='bbox 988 2513 1064 2570; x_wconf 93' lang='lat' dir='ltr'><strong>lucro</strong></span> <span class='ocrx_word' id='word_1_189' title='bbox 1088 2514 1181 2570; x_wconf 87' lang='lat' dir='ltr'><strong>ollieit.</strong></span> <span class='ocrx_word' id='word_1_190' title='bbox 1226 2514 1290 2570; x_wconf 84' lang='lat' dir='ltr'><strong>Cum</strong></span> <span class='ocrx_word' id='word_1_191' title='bbox 1314 2515 1341 2570; x_wconf 93' lang='lat' dir='ltr'><strong>iu</strong></span> <span class='ocrx_word' id='word_1_192' title='bbox 1354 2515 1494 2572; x_wconf 87' lang='lat' dir='ltr'><strong>Germania</strong></span> <span class='ocrx_word' id='word_1_193' title='bbox 1517 2517 1659 2573; x_wconf 77' lang='lat' dir='ltr'><strong>adhaesa.</strong></span> 
     </span>
     <span class='ocr_line' id='line_1_20' title="bbox 307 2598 1604 2676; baseline 0 -18"><span class='ocrx_word' id='word_1_194' title='bbox 307 2617 412 2663; x_wconf 67' lang='lat' dir='ltr'><strong>asem,</strong></span> <span class='ocrx_word' id='word_1_195' title='bbox 436 2599 555 2657; x_wconf 90' lang='lat' dir='ltr'><strong>nondum</strong></span> <span class='ocrx_word' id='word_1_196' title='bbox 578 2599 699 2655; x_wconf 89' lang='lat' dir='ltr'><strong>auditum</strong></span> <span class='ocrx_word' id='word_1_197' title='bbox 721 2606 780 2654; x_wconf 85' lang='lat' dir='ltr'><strong>erat</strong></span> <span class='ocrx_word' id='word_1_198' title='bbox 803 2605 921 2653; x_wconf 88' lang='lat' dir='ltr'><strong>vestrum</strong></span> <span class='ocrx_word' id='word_1_199' title='bbox 945 2598 1011 2654; x_wconf 94' lang='lat' dir='ltr'><strong>illud</strong></span> <span class='ocrx_word' id='word_1_200' title='bbox 1026 2599 1157 2656; x_wconf 88' lang='lat' dir='ltr'><strong>Punicum</strong></span> <span class='ocrx_word' id='word_1_201' title='bbox 1179 2598 1296 2664; x_wconf 89' lang='lat' dir='ltr'><strong>bellum;</strong></span> <span class='ocrx_word' id='word_1_202' title='bbox 1325 2617 1397 2656; x_wconf 91' lang='lat' dir='ltr'><strong>anuo</strong></span> <span class='ocrx_word' id='word_1_203' title='bbox 1413 2609 1477 2676; x_wconf 91' lang='lat' dir='ltr'><strong>post</strong></span> <span class='ocrx_word' id='word_1_204' title='bbox 1492 2601 1604 2658; x_wconf 84' lang='lat' dir='ltr'><strong>lacobus</strong></span> 
     </span>
     <span class='ocr_line' id='line_1_21' title="bbox 293 2683 1604 2760; baseline -0.001 -17"><span class='ocrx_word' id='word_1_205' title='bbox 293 2685 414 2748; x_wconf 82' lang='lat' dir='ltr'><strong>tl&#39;uxus,</strong></span> <span class='ocrx_word' id='word_1_206' title='bbox 439 2692 502 2741; x_wconf 90' lang='lat' dir='ltr'><strong>tuus</strong></span> <span class='ocrx_word' id='word_1_207' title='bbox 524 2685 589 2740; x_wconf 89' lang='lat' dir='ltr'><strong>item</strong></span> <span class='ocrx_word' id='word_1_208' title='bbox 613 2683 760 2757; x_wconf 76' lang='lat' dir='ltr'><strong>singularis</strong></span> <span class='ocrx_word' id='word_1_209' title='bbox 783 2690 930 2756; x_wconf 86' lang='lat' dir='ltr'><strong>patronus,</strong></span> <span class='ocrx_word' id='word_1_210' title='bbox 953 2683 1016 2738; x_wconf 87' lang='lat' dir='ltr'><strong>dnm</strong></span> <span class='ocrx_word' id='word_1_211' title='bbox 1038 2684 1111 2739; x_wconf 89' lang='lat' dir='ltr'><strong>Petri</strong></span> <span class='ocrx_word' id='word_1_212' title='bbox 1134 2684 1226 2739; x_wconf 92' lang='lat' dir='ltr'><strong>limina</strong></span> <span class='ocrx_word' id='word_1_213' title='bbox 1248 2685 1371 2741; x_wconf 86' lang='lat' dir='ltr'><strong>visitaret</strong></span> <span class='ocrx_word' id='word_1_214' title='bbox 1393 2702 1424 2742; x_wconf 78' lang='lat' dir='ltr'><strong>er</strong></span> <span class='ocrx_word' id='word_1_215' title='bbox 1447 2693 1525 2748; x_wconf 85' lang='lat' dir='ltr'><strong>voto,</strong></span> <span class='ocrx_word' id='word_1_216' title='bbox 1548 2686 1604 2760; x_wconf 91' lang='lat' dir='ltr'><strong>pri·</strong></span> 
     </span>
     <span class='ocr_line' id='line_1_22' title="bbox 307 2767 1605 2842; baseline -0.001 -15"><span class='ocrx_word' id='word_1_217' title='bbox 307 2788 381 2828; x_wconf 87' lang='lat' dir='ltr'><strong>mum</strong></span> <span class='ocrx_word' id='word_1_218' title='bbox 404 2770 533 2826; x_wconf 89' lang='lat' dir='ltr'><strong>nuncium</strong></span> <span class='ocrx_word' id='word_1_219' title='bbox 555 2777 706 2842; x_wconf 83' lang='lat' dir='ltr'><strong>emptorum</strong></span> <span class='ocrx_word' id='word_1_220' title='bbox 730 2785 866 2823; x_wconf 88' lang='lat' dir='ltr'><strong>armorum</strong></span> <span class='ocrx_word' id='word_1_221' title='bbox 890 2767 998 2830; x_wconf 86' lang='lat' dir='ltr'><strong>attulit;</strong></span> <span class='ocrx_word' id='word_1_222' title='bbox 1031 2769 1147 2841; x_wconf 91' lang='lat' dir='ltr'><strong>primum</strong></span> <span class='ocrx_word' id='word_1_223' title='bbox 1170 2778 1260 2824; x_wconf 89' lang='lat' dir='ltr'><strong>autem</strong></span> <span class='ocrx_word' id='word_1_224' title='bbox 1283 2770 1355 2842; x_wconf 83' lang='lat' dir='ltr'><strong>qriod</strong></span> <span class='ocrx_word' id='word_1_225' title='bbox 1384 2770 1409 2825; x_wconf 94' lang='lat' dir='ltr'><strong>in</strong></span> <span class='ocrx_word' id='word_1_226' title='bbox 1438 2787 1533 2825; x_wconf 82' lang='lat' dir='ltr'><strong>maniis</strong></span> <span class='ocrx_word' id='word_1_227' title='bbox 1555 2788 1605 2826; x_wconf 92' lang='lat' dir='ltr'><strong>no·</strong></span> 
     </span>
     <span class='ocr_line' id='line_1_23' title="bbox 308 2850 1605 2929; baseline 0 -18"><span class='ocrx_word' id='word_1_228' title='bbox 308 2864 381 2912; x_wconf 78' lang='lat' dir='ltr'><strong>atras</strong></span> <span class='ocrx_word' id='word_1_229' title='bbox 403 2854 543 2929; x_wconf 80' lang='lat' dir='ltr'><strong>persenit,</strong></span> <span class='ocrx_word' id='word_1_230' title='bbox 567 2860 625 2909; x_wconf 89' lang='lat' dir='ltr'><strong>erat</strong></span> <span class='ocrx_word' id='word_1_231' title='bbox 647 2852 776 2925; x_wconf 78' lang='lat' dir='ltr'><strong>llialogns</strong></span> <span class='ocrx_word' id='word_1_232' title='bbox 799 2850 921 2906; x_wconf 84' lang='lat' dir='ltr'><strong>Silvestri</strong></span> <span class='ocrx_word' id='word_1_233' title='bbox 944 2851 1077 2925; x_wconf 82' lang='lat' dir='ltr'><strong>Theologi</strong></span> <span class='ocrx_word' id='word_1_234' title='bbox 1100 2854 1185 2914; x_wconf 86' lang='lat' dir='ltr'><strong>acuti.</strong></span> <span class='ocrx_word' id='word_1_235' title='bbox 1210 2853 1372 2909; x_wconf 85' lang='lat' dir='ltr'><strong>scommatis</strong></span> <span class='ocrx_word' id='word_1_236' title='bbox 1387 2852 1543 2926; x_wconf 80' lang='lat' dir='ltr'><strong>salibusque</strong></span> <span class='ocrx_word' id='word_1_237' title='bbox 1566 2855 1605 2911; x_wconf 87' lang='lat' dir='ltr'><strong>ie·</strong></span> 
     </span>
     <span class='ocr_line' id='line_1_24' title="bbox 308 2934 1604 3013; baseline -0.001 -17"><span class='ocrx_word' id='word_1_238' title='bbox 308 2939 399 2998; x_wconf 85' lang='lat' dir='ltr'><strong>liciter</strong></span> <span class='ocrx_word' id='word_1_239' title='bbox 422 2940 539 3001; x_wconf 89' lang='lat' dir='ltr'><strong>utentis,</strong></span> <span class='ocrx_word' id='word_1_240' title='bbox 566 2938 602 2994; x_wconf 88' lang='lat' dir='ltr'><strong>ita</strong></span> <span class='ocrx_word' id='word_1_241' title='bbox 625 2946 656 2994; x_wconf 93' lang='lat' dir='ltr'><strong>ut</strong></span> <span class='ocrx_word' id='word_1_242' title='bbox 679 2939 784 2994; x_wconf 83' lang='lat' dir='ltr'><strong>ferreos</strong></span> <span class='ocrx_word' id='word_1_243' title='bbox 807 2944 870 2992; x_wconf 90' lang='lat' dir='ltr'><strong>tuos</strong></span> <span class='ocrx_word' id='word_1_244' title='bbox 893 2954 976 2992; x_wconf 88' lang='lat' dir='ltr'><strong>nasos</strong></span> <span class='ocrx_word' id='word_1_245' title='bbox 999 2946 1180 3000; x_wconf 80' lang='lat' dir='ltr'><strong>commoveat.</strong></span> <span class='ocrx_word' id='word_1_246' title='bbox 1203 2938 1246 2994; x_wconf 93' lang='lat' dir='ltr'><strong>cui</strong></span> <span class='ocrx_word' id='word_1_247' title='bbox 1269 2945 1361 3013; x_wconf 88' lang='lat' dir='ltr'><strong>partes</strong></span> <span class='ocrx_word' id='word_1_248' title='bbox 1384 2937 1536 3012; x_wconf 80' lang='lat' dir='ltr'><strong>pontificias</strong></span> <span class='ocrx_word' id='word_1_249' title='bbox 1558 2934 1604 2995; x_wconf 90' lang='lat' dir='ltr'><strong>de·</strong></span> 
     </span>
     <span class='ocr_line' id='line_1_25' title="bbox 309 3021 1660 3097; baseline -0.004 -15"><span class='ocrx_word' id='word_1_250' title='bbox 309 3025 431 3083; x_wconf 80' lang='lat' dir='ltr'><strong>lendeuti</strong></span> <span class='ocrx_word' id='word_1_251' title='bbox 460 3042 508 3079; x_wconf 89' lang='lat' dir='ltr'><strong>sua</strong></span> <span class='ocrx_word' id='word_1_252' title='bbox 537 3032 636 3097; x_wconf 91' lang='lat' dir='ltr'><strong>sponte</strong></span> <span class='ocrx_word' id='word_1_253' title='bbox 665 3021 754 3078; x_wconf 90' lang='lat' dir='ltr'><strong>inlluit</strong></span> <span class='ocrx_word' id='word_1_254' title='bbox 781 3022 888 3077; x_wconf 85' lang='lat' dir='ltr'><strong>veritas.</strong></span> <span class='ocrx_word' id='word_1_255' title='bbox 936 3022 1004 3077; x_wconf 89' lang='lat' dir='ltr'><strong>Post</strong></span> <span class='ocrx_word' id='word_1_256' title='bbox 1033 3021 1098 3077; x_wconf 92' lang='lat' dir='ltr'><strong>illud</strong></span> <span class='ocrx_word' id='word_1_257' title='bbox 1127 3040 1239 3079; x_wconf 89' lang='lat' dir='ltr'><strong>acumen</strong></span> <span class='ocrx_word' id='word_1_258' title='bbox 1266 3023 1351 3078; x_wconf 92' lang='lat' dir='ltr'><strong>mittit</strong></span> <span class='ocrx_word' id='word_1_259' title='bbox 1379 3022 1458 3078; x_wconf 88' lang='lat' dir='ltr'><strong>nobis</strong></span> <span class='ocrx_word' id='word_1_260' title='bbox 1483 3023 1603 3079; x_wconf 79' lang='lat' dir='ltr'><strong>Andreas</strong></span> <span class='ocrx_word' id='word_1_261' title='bbox 1614 3026 1660 3076; x_wconf 70' lang='lat'><strong>§.⁵-</strong></span> 
     </span>
     <span class='ocr_line' id='line_1_26' title="bbox 293 3105 1602 3181; baseline -0.005 -13"><span class='ocrx_word' id='word_1_262' title='bbox 293 3109 402 3168; x_wconf 72' lang='lat' dir='ltr'><strong>tl‘uxus</strong></span> <span class='ocrx_word' id='word_1_263' title='bbox 428 3109 547 3166; x_wconf 87' lang='lat' dir='ltr'><strong>decanus</strong></span> <span class='ocrx_word' id='word_1_264' title='bbox 568 3107 803 3181; x_wconf 79' lang='lat' dir='ltr'><strong>liabenbergensis</strong></span> <span class='ocrx_word' id='word_1_265' title='bbox 825 3116 900 3162; x_wconf 89' lang='lat' dir='ltr'><strong>tuum</strong></span> <span class='ocrx_word' id='word_1_266' title='bbox 922 3108 1146 3163; x_wconf 90' lang='lat' dir='ltr'><strong>commentarium</strong></span> <span class='ocrx_word' id='word_1_267' title='bbox 1175 3108 1206 3163; x_wconf 90' lang='lat' dir='ltr'><strong>in</strong></span> <span class='ocrx_word' id='word_1_268' title='bbox 1224 3106 1376 3180; x_wconf 86' lang='lat' dir='ltr'><strong>disputatas</strong></span> <span class='ocrx_word' id='word_1_269' title='bbox 1403 3105 1602 3169; x_wconf 81' lang='lat' dir='ltr'><strong>conclusiones.</strong></span> 
     </span>
     <span class='ocr_line' id='line_1_27' title="bbox 308 3191 1603 3267; baseline -0.003 -16"><span class='ocrx_word' id='word_1_270' title='bbox 308 3194 406 3251; x_wconf 84' lang='lat' dir='ltr'><strong>deinde</strong></span> <span class='ocrx_word' id='word_1_271' title='bbox 432 3193 648 3267; x_wconf 83' lang='lat' dir='ltr'><strong>disputacionem</strong></span> <span class='ocrx_word' id='word_1_272' title='bbox 675 3195 891 3266; x_wconf 72' lang='lat' dir='ltr'><strong>Augusteusem</strong></span> <span class='ocrx_word' id='word_1_273' title='bbox 921 3209 982 3265; x_wconf 66' lang='lat' dir='ltr'><strong>quaa</strong></span> <span class='ocrx_word' id='word_1_274' title='bbox 1005 3192 1092 3247; x_wconf 91' lang='lat' dir='ltr'><strong>omnia</strong></span> <span class='ocrx_word' id='word_1_275' title='bbox 1115 3209 1129 3246; x_wconf 93' lang='lat' dir='ltr'><strong>a</strong></span> <span class='ocrx_word' id='word_1_276' title='bbox 1153 3192 1232 3247; x_wconf 88' lang='lat' dir='ltr'><strong>nobis</strong></span> <span class='ocrx_word' id='word_1_277' title='bbox 1261 3191 1380 3264; x_wconf 87' lang='lat' dir='ltr'><strong>perlecta</strong></span> <span class='ocrx_word' id='word_1_278' title='bbox 1407 3192 1482 3247; x_wconf 85' lang='lat' dir='ltr'><strong>avide</strong></span> <span class='ocrx_word' id='word_1_279' title='bbox 1504 3191 1603 3247; x_wconf 93' lang='lat' dir='ltr'><strong>multo·</strong></span> 
     </span>
     <span class='ocr_line' id='line_1_28' title="bbox 309 3275 1602 3354; baseline -0.003 -18"><span class='ocrx_word' id='word_1_280' title='bbox 309 3296 425 3354; x_wconf 82' lang='lat' dir='ltr'><strong>rumque</strong></span> <span class='ocrx_word' id='word_1_281' title='bbox 447 3277 590 3334; x_wconf 86' lang='lat' dir='ltr'><strong>doctorum</strong></span> <span class='ocrx_word' id='word_1_282' title='bbox 612 3277 752 3332; x_wconf 91' lang='lat' dir='ltr'><strong>hominum</strong></span> <span class='ocrx_word' id='word_1_283' title='bbox 775 3275 898 3331; x_wconf 86' lang='lat' dir='ltr'><strong>manibus</strong></span> <span class='ocrx_word' id='word_1_284' title='bbox 920 3276 1039 3332; x_wconf 89' lang='lat' dir='ltr'><strong>contrita</strong></span> <span class='ocrx_word' id='word_1_285' title='bbox 1062 3276 1191 3332; x_wconf 83' lang='lat' dir='ltr'><strong>Rhomaru</strong></span> <span class='ocrx_word' id='word_1_286' title='bbox 1219 3293 1328 3349; x_wconf 84' lang='lat' dir='ltr'><strong>qnoque</strong></span> <span class='ocrx_word' id='word_1_287' title='bbox 1354 3276 1515 3349; x_wconf 82' lang='lat' dir='ltr'><strong>legavimus.</strong></span> <span class='ocrx_word' id='word_1_288' title='bbox 1548 3294 1602 3349; x_wconf 87' lang='lat' dir='ltr'><strong>quo</strong></span> 
     </span>
     <span class='ocr_line' id='line_1_29' title="bbox 310 3360 1659 3437; baseline -0.007 -17"><span class='ocrx_word' id='word_1_289' title='bbox 310 3363 406 3420; x_wconf 77' lang='lat' dir='ltr'><strong>falsam</strong></span> <span class='ocrx_word' id='word_1_290' title='bbox 427 3363 462 3419; x_wconf 89' lang='lat' dir='ltr'><strong>de</strong></span> <span class='ocrx_word' id='word_1_291' title='bbox 484 3371 512 3417; x_wconf 94' lang='lat' dir='ltr'><strong>te</strong></span> <span class='ocrx_word' id='word_1_292' title='bbox 534 3379 584 3437; x_wconf 86' lang='lat' dir='ltr'><strong>per</strong></span> <span class='ocrx_word' id='word_1_293' title='bbox 605 3361 691 3417; x_wconf 89' lang='lat' dir='ltr'><strong>malos</strong></span> <span class='ocrx_word' id='word_1_294' title='bbox 713 3361 837 3417; x_wconf 88' lang='lat' dir='ltr'><strong>homines</strong></span> <span class='ocrx_word' id='word_1_295' title='bbox 859 3360 1024 3434; x_wconf 75' lang='lat' dir='ltr'><strong>divulgatam</strong></span> <span class='ocrx_word' id='word_1_296' title='bbox 1047 3361 1143 3417; x_wconf 85' lang='lat' dir='ltr'><strong>lamam</strong></span> <span class='ocrx_word' id='word_1_297' title='bbox 1169 3361 1409 3435; x_wconf 87' lang='lat' dir='ltr'><strong>supprimeremus.</strong></span> <span class='ocrx_word' id='word_1_298' title='bbox 1453 3361 1603 3435; x_wconf 86' lang='lat' dir='ltr'><strong>Oportebat</strong></span> <span class='ocrx_word' id='word_1_299' title='bbox 1615 3361 1659 3411; x_wconf 69' lang='grc' dir='ltr'><strong>Μ.</strong></span> 
     </span>
     <span class='ocr_line' id='line_1_30' title="bbox 309 3446 1604 3518; baseline -0.002 -13"><span class='ocrx_word' id='word_1_300' title='bbox 309 3448 362 3505; x_wconf 80' lang='lat' dir='ltr'><strong>ista</strong></span> <span class='ocrx_word' id='word_1_301' title='bbox 384 3454 493 3505; x_wconf 87' lang='lat' dir='ltr'><strong>secreto</strong></span> <span class='ocrx_word' id='word_1_302' title='bbox 516 3446 589 3510; x_wconf 88' lang='lat' dir='ltr'><strong>fieri,</strong></span> <span class='ocrx_word' id='word_1_303' title='bbox 618 3454 649 3501; x_wconf 95' lang='lat' dir='ltr'><strong>ut</strong></span> <span class='ocrx_word' id='word_1_304' title='bbox 672 3447 794 3502; x_wconf 87' lang='lat' dir='ltr'><strong>venirent</strong></span> <span class='ocrx_word' id='word_1_305' title='bbox 818 3446 844 3501; x_wconf 93' lang='lat' dir='ltr'><strong>iu</strong></span> <span class='ocrx_word' id='word_1_306' title='bbox 867 3463 962 3501; x_wconf 88' lang='lat' dir='ltr'><strong>manus</strong></span> <span class='ocrx_word' id='word_1_307' title='bbox 992 3446 1143 3518; x_wconf 80' lang='lat' dir='ltr'><strong>legencium</strong></span> <span class='ocrx_word' id='word_1_308' title='bbox 1171 3446 1229 3501; x_wconf 90' lang='lat' dir='ltr'><strong>sine</strong></span> <span class='ocrx_word' id='word_1_309' title='bbox 1258 3446 1367 3501; x_wconf 88' lang='lat' dir='ltr'><strong>nornine</strong></span> <span class='ocrx_word' id='word_1_310' title='bbox 1396 3446 1542 3508; x_wconf 88' lang='lat' dir='ltr'><strong>mittentis.</strong></span> <span class='ocrx_word' id='word_1_311' title='bbox 1571 3463 1604 3502; x_wconf 91' lang='lat' dir='ltr'><strong>ne</strong></span> 
     </span>
    </p>
   </div>
   <div class='ocr_carea' id='block_1_6' title="bbox 310 3625 1606 4016">
    <p class='ocr_par' dir='ltr' id='par_1_6' title="bbox 310 3625 1605 3693">
     <span class='ocr_line' id='line_1_31' title="bbox 310 3625 1605 3693; baseline -0.002 -11"><span class='ocrx_word' id='word_1_312' title='bbox 310 3631 477 3682; x_wconf 69' lang='lat' dir='ltr'><strong>cmm.</strong></span> <span class='ocrx_word' id='word_1_313' title='bbox 496 3629 521 3679; x_wconf 71' lang='lat' dir='ltr'>A</span> <span class='ocrx_word' id='word_1_314' title='bbox 536 3649 572 3674; x_wconf 90' lang='lat'>=</span> <span class='ocrx_word' id='word_1_315' title='bbox 588 3630 655 3680; x_wconf 76' lang='lat' dir='ltr'><strong>(lod.</strong></span> <span class='ocrx_word' id='word_1_316' title='bbox 673 3628 755 3679; x_wconf 82' lang='lat' dir='ltr'><strong>Goth.</strong></span> <span class='ocrx_word' id='word_1_317' title='bbox 776 3629 823 3678; x_wconf 86' lang='lat' dir='ltr'><strong>cit.</strong></span> <span class='ocrx_word' id='word_1_318' title='bbox 843 3627 901 3678; x_wconf 86' lang='lat' dir='ltr'><strong>fott.</strong></span> <span class='ocrx_word' id='word_1_319' title='bbox 923 3625 1053 3677; x_wconf 53' lang='lat' dir='ltr'><strong>illmldt.</strong></span> <span class='ocrx_word' id='word_1_320' title='bbox 1123 3627 1186 3676; x_wconf 80' lang='lat'><strong>2:</strong></span> <span class='ocrx_word' id='word_1_321' title='bbox 1199 3625 1293 3693; x_wconf 78' lang='lat' dir='ltr'><strong>[Mieg]</strong></span> <span class='ocrx_word' id='word_1_322' title='bbox 1306 3629 1426 3678; x_wconf 86' lang='lat' dir='ltr'><strong>Menum.</strong></span> <span class='ocrx_word' id='word_1_323' title='bbox 1441 3628 1556 3692; x_wconf 81' lang='lat' dir='ltr'><strong>pietatis</strong></span> <span class='ocrx_word' id='word_1_324' title='bbox 1568 3628 1605 3679; x_wconf 86' lang='lat'><strong>11.</strong></span> 
     </span>
    </p>

    <p class='ocr_par' dir='ltr' id='par_1_7' title="bbox 310 3712 1605 3782">
     <span class='ocr_line' id='line_1_32' title="bbox 310 3712 1605 3782; baseline -0.004 -17"><span class='ocrx_word' id='word_1_325' title='bbox 310 3733 336 3782; x_wconf 91' lang='lat' dir='ltr'><strong>p.</strong></span> <span class='ocrx_word' id='word_1_326' title='bbox 352 3714 458 3767; x_wconf 84' lang='lat'><strong>13...17.</strong></span> <span class='ocrx_word' id='word_1_327' title='bbox 494 3715 634 3780; x_wconf 81' lang='lat' dir='ltr'><strong>integram</strong></span> <span class='ocrx_word' id='word_1_328' title='bbox 658 3713 819 3764; x_wconf 84' lang='lat' dir='ltr'><strong>exhibemus</strong></span> <span class='ocrx_word' id='word_1_329' title='bbox 842 3712 1050 3763; x_wconf 82' lang='lat' dir='ltr'><strong>memorabilem</strong></span> <span class='ocrx_word' id='word_1_330' title='bbox 1074 3713 1234 3777; x_wconf 79' lang='lat' dir='ltr'><strong>epistulam,</strong></span> <span class='ocrx_word' id='word_1_331' title='bbox 1261 3714 1386 3777; x_wconf 84' lang='lat' dir='ltr'><strong>quemvis</strong></span> <span class='ocrx_word' id='word_1_332' title='bbox 1405 3713 1438 3761; x_wconf 83' lang='lat' dir='ltr'><strong>dc</strong></span> <span class='ocrx_word' id='word_1_333' title='bbox 1457 3714 1518 3777; x_wconf 91' lang='lat' dir='ltr'><strong>ipso</strong></span> <span class='ocrx_word' id='word_1_334' title='bbox 1536 3712 1605 3761; x_wconf 83' lang='lat' dir='ltr'><strong>Hul-</strong></span> 
     </span>
    </p>

    <p class='ocr_par' dir='ltr' id='par_1_8' title="bbox 310 3797 1606 3863">
     <span class='ocr_line' id='line_1_33' title="bbox 310 3797 1606 3863; baseline -0.005 -11"><span class='ocrx_word' id='word_1_335' title='bbox 310 3807 375 3852; x_wconf 85' lang='lat' dir='ltr'><strong>lcno</strong></span> <span class='ocrx_word' id='word_1_336' title='bbox 393 3800 465 3851; x_wconf 90' lang='lat' dir='ltr'><strong>nihil</strong></span> <span class='ocrx_word' id='word_1_337' title='bbox 482 3800 599 3860; x_wconf 78' lang='lat' dir='ltr'><strong>hubent,</strong></span> <span class='ocrx_word' id='word_1_338' title='bbox 619 3804 676 3848; x_wconf 85' lang='lat' dir='ltr'><strong>lum</strong></span> <span class='ocrx_word' id='word_1_339' title='bbox 695 3797 766 3863; x_wconf 90' lang='lat' dir='ltr'><strong>quod</strong></span> <span class='ocrx_word' id='word_1_340' title='bbox 785 3798 821 3846; x_wconf 83' lang='lat' dir='ltr'><strong>sd</strong></span> <span class='ocrx_word' id='word_1_341' title='bbox 838 3797 949 3847; x_wconf 77' lang='lat' dir='ltr'><strong>urorum</strong></span> <span class='ocrx_word' id='word_1_342' title='bbox 961 3798 1168 3861; x_wconf 88' lang='lat' dir='ltr'><strong>Lutherumque</strong></span> <span class='ocrx_word' id='word_1_343' title='bbox 1186 3797 1402 3862; x_wconf 84' lang='lat' dir='ltr'><strong>pernoscendum</strong></span> <span class='ocrx_word' id='word_1_344' title='bbox 1421 3798 1534 3846; x_wconf 75' lang='lat' dir='ltr'><strong>maximi</strong></span> <span class='ocrx_word' id='word_1_345' title='bbox 1551 3813 1606 3846; x_wconf 91' lang='lat' dir='ltr'><strong>mo·</strong></span> 
     </span>
    </p>

    <p class='ocr_par' dir='ltr' id='par_1_9' title="bbox 310 3880 1606 4016">
     <span class='ocr_line' id='line_1_34' title="bbox 310 3880 1606 3948; baseline -0.006 -11"><span class='ocrx_word' id='word_1_346' title='bbox 310 3886 397 3938; x_wconf 75' lang='lat' dir='ltr'><strong>menti</strong></span> <span class='ocrx_word' id='word_1_347' title='bbox 422 3889 479 3947; x_wconf 80' lang='lat' dir='ltr'><strong>est,</strong></span> <span class='ocrx_word' id='word_1_348' title='bbox 504 3889 561 3933; x_wconf 85' lang='lat' dir='ltr'><strong>tum</strong></span> <span class='ocrx_word' id='word_1_349' title='bbox 585 3883 656 3948; x_wconf 90' lang='lat' dir='ltr'><strong>quod</strong></span> <span class='ocrx_word' id='word_1_350' title='bbox 679 3898 696 3931; x_wconf 81' lang='lat' dir='ltr'><strong>a</strong></span> <span class='ocrx_word' id='word_1_351' title='bbox 713 3883 820 3948; x_wconf 75' lang='lat' dir='ltr'><strong>Miegio</strong></span> <span class='ocrx_word' id='word_1_352' title='bbox 844 3883 884 3931; x_wconf 79' lang='lat' dir='ltr'><strong>ita</strong></span> <span class='ocrx_word' id='word_1_353' title='bbox 907 3887 1036 3947; x_wconf 81' lang='lat' dir='ltr'><strong>eormrptc</strong></span> <span class='ocrx_word' id='word_1_354' title='bbox 1061 3882 1205 3946; x_wconf 81' lang='lat' dir='ltr'><strong>publicata</strong></span> <span class='ocrx_word' id='word_1_355' title='bbox 1225 3887 1280 3942; x_wconf 84' lang='lat' dir='ltr'><strong>est,</strong></span> <span class='ocrx_word' id='word_1_356' title='bbox 1305 3886 1335 3931; x_wconf 82' lang='lat' dir='ltr'><strong>ut</strong></span> <span class='ocrx_word' id='word_1_357' title='bbox 1353 3881 1485 3931; x_wconf 83' lang='lat' dir='ltr'><strong>lectorem</strong></span> <span class='ocrx_word' id='word_1_358' title='bbox 1504 3880 1606 3946; x_wconf 86' lang='lat' dir='ltr'><strong>ubique</strong></span> 
     </span>
     <span class='ocr_line' id='line_1_35' title="bbox 362 3972 1005 4016; baseline -0.002 0"><span class='ocrx_word' id='word_1_359' title='bbox 362 3975 364 3980; x_wconf 90' lang='lat'>&#39;</span> <span class='ocrx_word' id='word_1_360' title='bbox 914 3972 1005 4016; x_wconf 82' lang='lat' dir='ltr'><strong>vexet.</strong></span> 
     </span>
    </p>
   </div>
   <div class='ocr_carea' id='block_1_7' title="bbox 311 4098 1698 4931">
    <p class='ocr_par' dir='ltr' id='par_1_10' title="bbox 312 4098 1607 4411">
     <span class='ocr_line' id='line_1_36' title="bbox 379 4098 1605 4194; baseline -0.004 -38"><span class='ocrx_word' id='word_1_361' title='bbox 379 4105 540 4171; x_wconf 79' lang='lat' dir='ltr'><strong>&#39;optimum</strong></span> <span class='ocrx_word' id='word_1_362' title='bbox 554 4106 579 4153; x_wconf 84' lang='lat'><strong>2.</strong></span> <span class='ocrx_word' id='word_1_363' title='bbox 662 4102 839 4153; x_wconf 80' lang='lat' dir='ltr'><strong>Eberhardus</strong></span> <span class='ocrx_word' id='word_1_364' title='bbox 858 4116 906 4153; x_wconf 84' lang='lat' dir='ltr'><strong>ooo</strong></span> <span class='ocrx_word' id='word_1_365' title='bbox 923 4108 965 4153; x_wconf 78' lang='lat' dir='ltr'><strong>ner</strong></span> <span class='ocrx_word' id='word_1_366' title='bbox 983 4106 1042 4166; x_wconf 71' lang='lat' dir='ltr'><strong>stou</strong></span> <span class='ocrx_word' id='word_1_367' title='bbox 1056 4105 1081 4151; x_wconf 87' lang='lat'><strong>2.</strong></span> <span class='ocrx_word' id='word_1_368' title='bbox 1118 4102 1150 4151; x_wconf 86' lang='lat' dir='ltr'><strong>In</strong></span> <span class='ocrx_word' id='word_1_369' title='bbox 1169 4104 1225 4152; x_wconf 81' lang='lat' dir='ltr'><strong>eod.</strong></span> <span class='ocrx_word' id='word_1_370' title='bbox 1245 4102 1316 4164; x_wconf 79' lang='lat' dir='ltr'><strong>infra</strong></span> <span class='ocrx_word' id='word_1_371' title='bbox 1339 4106 1419 4152; x_wconf 73' lang='lat' dir='ltr'><strong>maaet</strong></span> <span class='ocrx_word' id='word_1_372' title='bbox 1437 4098 1530 4194; x_wconf 48' lang='lat' dir='ltr'><strong>{petit</strong></span> <span class='ocrx_word' id='word_1_373' title='bbox 1553 4115 1605 4147; x_wconf 80' lang='lat' dir='ltr'><strong>rer·</strong></span> 
     </span>
     <span class='ocr_line' id='line_1_37' title="bbox 312 4182 1606 4255; baseline -0.008 -14"><span class='ocrx_word' id='word_1_374' title='bbox 312 4207 376 4241; x_wconf 76' lang='lat' dir='ltr'><strong>m.</strong></span> <span class='ocrx_word' id='word_1_375' title='bbox 388 4193 477 4255; x_wconf 70' lang='lat' dir='ltr'><strong>pond!</strong></span> <span class='ocrx_word' id='word_1_376' title='bbox 494 4201 543 4241; x_wconf 74' lang='lat' dir='ltr'><strong>nott</strong></span> <span class='ocrx_word' id='word_1_377' title='bbox 559 4195 601 4240; x_wconf 70' lang='lat' dir='ltr'><strong>Bet</strong></span> <span class='ocrx_word' id='word_1_378' title='bbox 619 4183 702 4251; x_wconf 63' lang='lat' dir='ltr'><strong>Chen.</strong></span> <span class='ocrx_word' id='word_1_379' title='bbox 733 4186 766 4236; x_wconf 82' lang='lat' dir='ltr'><strong>In</strong></span> <span class='ocrx_word' id='word_1_380' title='bbox 785 4186 865 4235; x_wconf 81' lang='lat' dir='ltr'><strong>aldum</strong></span> <span class='ocrx_word' id='word_1_381' title='bbox 883 4187 1022 4236; x_wconf 72' lang='lat' dir='ltr'><strong>academiae</strong></span> <span class='ocrx_word' id='word_1_382' title='bbox 1040 4187 1210 4250; x_wconf 68' lang='lat' dir='ltr'><strong>ll&#39;lttenlierp.</strong></span> <span class='ocrx_word' id='word_1_383' title='bbox 1229 4185 1309 4248; x_wconf 76' lang='lat' dir='ltr'><strong>(edici.</strong></span> <span class='ocrx_word' id='word_1_384' title='bbox 1324 4187 1490 4235; x_wconf 81' lang='lat' dir='ltr'><strong>Fdrstemaon</strong></span> <span class='ocrx_word' id='word_1_385' title='bbox 1505 4202 1533 4248; x_wconf 85' lang='lat' dir='ltr'><strong>p.</strong></span> <span class='ocrx_word' id='word_1_386' title='bbox 1549 4182 1606 4241; x_wconf 67' lang='lat'>12.)</span> 
     </span>
     <span class='ocr_line' id='line_1_38' title="bbox 312 4266 1607 4340; baseline -0.008 -14"><span class='ocrx_word' id='word_1_387' title='bbox 312 4277 451 4340; x_wconf 67' lang='lat' dir='ltr'><strong>weriptur</strong></span> <span class='ocrx_word' id='word_1_388' title='bbox 468 4279 508 4324; x_wconf 80' lang='lat' dir='ltr'><strong>ert</strong></span> <span class='ocrx_word' id='word_1_389' title='bbox 525 4271 728 4333; x_wconf 81' lang='lat' dir='ltr'><strong>„Ewerhsrdus</strong></span> <span class='ocrx_word' id='word_1_390' title='bbox 746 4287 800 4321; x_wconf 87' lang='lat' dir='ltr'><strong>von</strong></span> <span class='ocrx_word' id='word_1_391' title='bbox 818 4271 868 4320; x_wconf 84' lang='lat' dir='ltr'><strong>der</strong></span> <span class='ocrx_word' id='word_1_392' title='bbox 885 4271 965 4320; x_wconf 81' lang='lat' dir='ltr'><strong>Thon</strong></span> <span class='ocrx_word' id='word_1_393' title='bbox 983 4270 1164 4336; x_wconf 88' lang='lat' dir='ltr'><strong>Herbipolen.</strong></span> <span class='ocrx_word' id='word_1_394' title='bbox 1184 4271 1255 4320; x_wconf 91' lang='lat' dir='ltr'><strong>dioc.</strong></span> <span class='ocrx_word' id='word_1_395' title='bbox 1273 4270 1312 4320; x_wconf 85' lang='lat' dir='ltr'><strong>VI</strong></span> <span class='ocrx_word' id='word_1_396' title='bbox 1331 4268 1391 4318; x_wconf 89' lang='lat' dir='ltr'><strong>idus</strong></span> <span class='ocrx_word' id='word_1_397' title='bbox 1411 4268 1538 4332; x_wconf 72' lang='lat' dir='ltr'><strong>augusti*</strong></span> <span class='ocrx_word' id='word_1_398' title='bbox 1557 4266 1607 4316; x_wconf 93' lang='lat' dir='ltr'><strong>sub</strong></span> 
     </span>
     <span class='ocr_line' id='line_1_39' title="bbox 312 4352 1080 4411; baseline -0.01 0"><span class='ocrx_word' id='word_1_399' title='bbox 312 4364 455 4411; x_wconf 72' lang='lat' dir='ltr'><strong>rectoratu</strong></span> <span class='ocrx_word' id='word_1_400' title='bbox 472 4356 599 4407; x_wconf 83' lang='lat' dir='ltr'><strong>Vdalrici</strong></span> <span class='ocrx_word' id='word_1_401' title='bbox 616 4356 708 4406; x_wconf 82' lang='lat' dir='ltr'><strong>Erbsr</strong></span> <span class='ocrx_word' id='word_1_402' title='bbox 719 4356 775 4405; x_wconf 74' lang='lat' dir='ltr'><strong>An.</strong></span> <span class='ocrx_word' id='word_1_403' title='bbox 790 4359 818 4405; x_wconf 86' lang='lat' dir='ltr'><strong>et</strong></span> <span class='ocrx_word' id='word_1_404' title='bbox 829 4355 902 4405; x_wconf 85' lang='lat' dir='ltr'><strong>Med.</strong></span> <span class='ocrx_word' id='word_1_405' title='bbox 916 4356 950 4404; x_wconf 90' lang='lat' dir='ltr'><strong>D.</strong></span> <span class='ocrx_word' id='word_1_406' title='bbox 965 4371 991 4403; x_wconf 82' lang='lat' dir='ltr'><strong>a.</strong></span> <span class='ocrx_word' id='word_1_407' title='bbox 1007 4352 1080 4403; x_wconf 82' lang='lat'>1515.</span> 
     </span>
    </p>

    <p class='ocr_par' dir='ltr' id='par_1_11' title="bbox 311 4437 1698 4931">
     <span class='ocr_line' id='line_1_40' title="bbox 378 4437 1607 4505; baseline -0.006 -13"><span class='ocrx_word' id='word_1_408' title='bbox 378 4441 390 4476; x_wconf 83' lang='lat'><strong>⁴</strong></span> <span class='ocrx_word' id='word_1_409' title='bbox 415 4443 461 4493; x_wconf 79' lang='lat' dir='ltr'><strong>lta</strong></span> <span class='ocrx_word' id='word_1_410' title='bbox 477 4444 503 4492; x_wconf 78' lang='lat' dir='ltr'><strong>d.</strong></span> <span class='ocrx_word' id='word_1_411' title='bbox 516 4444 533 4491; x_wconf 82' lang='lat' dir='ltr'><strong>l.</strong></span> <span class='ocrx_word' id='word_1_412' title='bbox 545 4442 602 4491; x_wconf 83' lang='lat' dir='ltr'><strong>cod.</strong></span> <span class='ocrx_word' id='word_1_413' title='bbox 623 4441 662 4490; x_wconf 85' lang='lat' dir='ltr'><strong>De</strong></span> <span class='ocrx_word' id='word_1_414' title='bbox 679 4442 898 4505; x_wconf 56' lang='lat' dir='ltr'><strong>superscriptione</strong></span> <span class='ocrx_word' id='word_1_415' title='bbox 915 4441 972 4489; x_wconf 80' lang='lat' dir='ltr'><strong>cide</strong></span> <span class='ocrx_word' id='word_1_416' title='bbox 991 4440 1027 4487; x_wconf 87' lang='lat' dir='ltr'><strong>nd</strong></span> <span class='ocrx_word' id='word_1_417' title='bbox 1042 4441 1160 4502; x_wconf 77' lang='lat' dir='ltr'><strong>premiere</strong></span> <span class='ocrx_word' id='word_1_418' title='bbox 1172 4439 1329 4500; x_wconf 81' lang='lat' dir='ltr'><strong>mperiorem</strong></span> <span class='ocrx_word' id='word_1_419' title='bbox 1347 4452 1387 4499; x_wconf 80' lang='lat' dir='ltr'><strong>ep.</strong></span> <span class='ocrx_word' id='word_1_420' title='bbox 1402 4437 1490 4485; x_wconf 83' lang='lat' dir='ltr'><strong>adnot.</strong></span> <span class='ocrx_word' id='word_1_421' title='bbox 1506 4450 1528 4484; x_wconf 91' lang='lat' dir='ltr'><strong>s.</strong></span> <span class='ocrx_word' id='word_1_422' title='bbox 1542 4452 1566 4485; x_wconf 69' lang='grc' dir='ltr'><strong>ι’.</strong></span> <span class='ocrx_word' id='word_1_423' title='bbox 1580 4452 1607 4485; x_wconf 83' lang='lat' dir='ltr'><strong>o.</strong></span> 
     </span>
     <span class='ocr_line' id='line_1_41' title="bbox 312 4518 1606 4593; baseline -0.007 -14"><span class='ocrx_word' id='word_1_424' title='bbox 312 4533 383 4580; x_wconf 75' lang='lat' dir='ltr'><strong>initio</strong></span> <span class='ocrx_word' id='word_1_425' title='bbox 401 4531 551 4593; x_wconf 65' lang='lat' dir='ltr'><strong>epicadios</strong></span> <span class='ocrx_word' id='word_1_426' title='bbox 568 4526 629 4575; x_wconf 84' lang='lat' dir='ltr'><strong>in2.</strong></span> <span class='ocrx_word' id='word_1_427' title='bbox 703 4523 853 4589; x_wconf 67' lang='lat' dir='ltr'><strong>⁵itemque</strong></span> <span class='ocrx_word' id='word_1_428' title='bbox 872 4524 939 4573; x_wconf 91' lang='lat' dir='ltr'><strong>mihi</strong></span> <span class='ocrx_word' id='word_1_429' title='bbox 958 4522 1157 4573; x_wconf 79' lang='lat' dir='ltr'><strong>Clarissime2.</strong></span> <span class='ocrx_word' id='word_1_430' title='bbox 1234 4520 1400 4571; x_wconf 78' lang='lat' dir='ltr'><strong>⁸Erfordire</strong></span> <span class='ocrx_word' id='word_1_431' title='bbox 1413 4523 1438 4569; x_wconf 86' lang='grc'><strong>2.</strong></span> <span class='ocrx_word' id='word_1_432' title='bbox 1501 4518 1606 4570; x_wconf 60' lang='lat' dir='ltr'><strong>&#39;ertit</strong></span> 
     </span>
     <span class='ocr_line' id='line_1_42' title="bbox 311 4602 1655 4675; baseline -0.008 -10"><span class='ocrx_word' id='word_1_433' title='bbox 311 4615 367 4666; x_wconf 75' lang='lat' dir='ltr'><strong>cod.</strong></span> <span class='ocrx_word' id='word_1_434' title='bbox 378 4612 541 4664; x_wconf 70' lang='lat' dir='ltr'><strong>arctissima</strong></span> <span class='ocrx_word' id='word_1_435' title='bbox 553 4613 579 4660; x_wconf 84' lang='grc'><strong>2.</strong></span> <span class='ocrx_word' id='word_1_436' title='bbox 643 4610 665 4643; x_wconf 90' lang='lat'><strong>¹⁰</strong></span> <span class='ocrx_word' id='word_1_437' title='bbox 683 4611 784 4675; x_wconf 78' lang='lat' dir='ltr'><strong>saepies</strong></span> <span class='ocrx_word' id='word_1_438' title='bbox 797 4611 822 4658; x_wconf 85' lang='lat'><strong>2.</strong></span> <span class='ocrx_word' id='word_1_439' title='bbox 882 4606 900 4640; x_wconf 88' lang='lat'><strong>¹¹</strong></span> <span class='ocrx_word' id='word_1_440' title='bbox 920 4606 960 4673; x_wconf 86' lang='lat' dir='ltr'><strong>re]</strong></span> <span class='ocrx_word' id='word_1_441' title='bbox 979 4608 1020 4657; x_wconf 89' lang='lat' dir='ltr'><strong>Te</strong></span> <span class='ocrx_word' id='word_1_442' title='bbox 1032 4610 1059 4655; x_wconf 88' lang='lat'><strong>2.</strong></span> <span class='ocrx_word' id='word_1_443' title='bbox 1112 4602 1239 4669; x_wconf 80' lang='lat' dir='ltr'><strong>Heasum]</strong></span> <span class='ocrx_word' id='word_1_444' title='bbox 1254 4606 1386 4656; x_wconf 84' lang='lat' dir='ltr'><strong>Ioannem</strong></span> <span class='ocrx_word' id='word_1_445' title='bbox 1398 4604 1608 4670; x_wconf 82' lang='lat' dir='ltr'><strong>Norimbergen-</strong></span> <span class='ocrx_word' id='word_1_446' title='bbox 1649 4662 1655 4673; x_wconf 51' lang='grc'>,</span> 
     </span>
     <span class='ocr_line' id='line_1_43' title="bbox 312 4670 1698 4763; baseline -0.008 -13"><span class='ocrx_word' id='word_1_447' title='bbox 312 4713 382 4761; x_wconf 82' lang='lat' dir='ltr'><strong>scm,</strong></span> <span class='ocrx_word' id='word_1_448' title='bbox 402 4712 458 4763; x_wconf 76' lang='lat' dir='ltr'><strong>uon</strong></span> <span class='ocrx_word' id='word_1_449' title='bbox 475 4696 629 4747; x_wconf 80' lang='lat' dir='ltr'><strong>Ecbanum.</strong></span> <span class='ocrx_word' id='word_1_450' title='bbox 682 4693 704 4727; x_wconf 86' lang='lat'><strong>¹¹</strong></span> <span class='ocrx_word' id='word_1_451' title='bbox 721 4696 904 4760; x_wconf 71' lang='lat' dir='ltr'><strong>utrumquet.</strong></span> <span class='ocrx_word' id='word_1_452' title='bbox 957 4690 979 4725; x_wconf 85' lang='lat'><strong>¹⁴</strong></span> <span class='ocrx_word' id='word_1_453' title='bbox 997 4692 1162 4756; x_wconf 85' lang='lat' dir='ltr'><strong>contigisset</strong></span> <span class='ocrx_word' id='word_1_454' title='bbox 1173 4694 1199 4738; x_wconf 78' lang='lat'><strong>2.</strong></span> <span class='ocrx_word' id='word_1_455' title='bbox 1251 4688 1272 4720; x_wconf 81' lang='lat'><strong>¹⁶</strong></span> <span class='ocrx_word' id='word_1_456' title='bbox 1290 4687 1418 4756; x_wconf 76' lang='lat' dir='ltr'><strong>riselam]</strong></span> <span class='ocrx_word' id='word_1_457' title='bbox 1437 4689 1609 4740; x_wconf 79' lang='lat' dir='ltr'><strong>orationibus</strong></span> <span class='ocrx_word' id='word_1_458' title='bbox 1689 4670 1698 4685; x_wconf 57' lang='lat'><em>⁶</em></span> 
     </span>
     <span class='ocr_line' id='line_1_44' title="bbox 313 4759 1609 4841; baseline -0.01 -5"><span class='ocrx_word' id='word_1_459' title='bbox 313 4781 485 4836; x_wconf 76' lang='lat' dir='ltr'><strong>funebribus.</strong></span> <span class='ocrx_word' id='word_1_460' title='bbox 547 4779 568 4813; x_wconf 79' lang='lat'><strong>¹⁷</strong></span> <span class='ocrx_word' id='word_1_461' title='bbox 587 4780 708 4831; x_wconf 68' lang='lat' dir='ltr'><strong>ovantia</strong></span> <span class='ocrx_word' id='word_1_462' title='bbox 726 4784 757 4829; x_wconf 88' lang='lat' dir='ltr'><strong>ut</strong></span> <span class='ocrx_word' id='word_1_463' title='bbox 774 4779 850 4829; x_wconf 82' lang='lat' dir='ltr'><strong>millo</strong></span> <span class='ocrx_word' id='word_1_464' title='bbox 869 4778 969 4830; x_wconf 82' lang='lat' dir='ltr'><strong>veneni</strong></span> <span class='ocrx_word' id='word_1_465' title='bbox 989 4793 1022 4826; x_wconf 86' lang='lat' dir='ltr'><strong>oe</strong></span> <span class='ocrx_word' id='word_1_466' title='bbox 1041 4776 1205 4841; x_wconf 86' lang='lat' dir='ltr'><strong>proditionis</strong></span> <span class='ocrx_word' id='word_1_467' title='bbox 1223 4774 1316 4824; x_wconf 91' lang='lat' dir='ltr'><strong>modos</strong></span> <span class='ocrx_word' id='word_1_468' title='bbox 1335 4774 1391 4823; x_wconf 86' lang='lat' dir='ltr'><strong>inv.</strong></span> <span class='ocrx_word' id='word_1_469' title='bbox 1405 4778 1430 4825; x_wconf 87' lang='lat'><strong>2.</strong></span> <span class='ocrx_word' id='word_1_470' title='bbox 1442 4759 1468 4784; x_wconf 74' lang='lat'><strong>&#39;⁹</strong></span> <span class='ocrx_word' id='word_1_471' title='bbox 1501 4773 1522 4806; x_wconf 72' lang='lat'><strong>¹⁸</strong></span> <span class='ocrx_word' id='word_1_472' title='bbox 1538 4775 1609 4824; x_wconf 85' lang='lat' dir='ltr'><strong>lucri</strong></span> 
     </span>
     <span class='ocr_line' id='line_1_45' title="bbox 313 4856 1609 4931; baseline -0.008 -12"><span class='ocrx_word' id='word_1_473' title='bbox 313 4868 442 4920; x_wconf 76' lang='lat' dir='ltr'><strong>sfficit2.</strong></span> <span class='ocrx_word' id='word_1_474' title='bbox 501 4864 522 4897; x_wconf 85' lang='lat'><strong>¹¹</strong></span> <span class='ocrx_word' id='word_1_475' title='bbox 542 4870 684 4931; x_wconf 83' lang='lat' dir='ltr'><strong>ceptorum</strong></span> <span class='ocrx_word' id='word_1_476' title='bbox 697 4865 731 4914; x_wconf 82' lang='lat' dir='ltr'><strong>A.</strong></span> <span class='ocrx_word' id='word_1_477' title='bbox 746 4866 772 4913; x_wconf 85' lang='lat'><strong>2.</strong></span> <span class='ocrx_word' id='word_1_478' title='bbox 829 4862 852 4895; x_wconf 82' lang='lat'><strong>²²</strong></span> <span class='ocrx_word' id='word_1_479' title='bbox 870 4857 1007 4927; x_wconf 71' lang='lat' dir='ltr'><strong>sylvestri</strong></span> <span class='ocrx_word' id='word_1_480' title='bbox 1018 4863 1044 4909; x_wconf 86' lang='lat'><strong>2.</strong></span> <span class='ocrx_word' id='word_1_481' title='bbox 1110 4861 1244 4911; x_wconf 75' lang='lat' dir='ltr'><strong>scematis</strong></span> <span class='ocrx_word' id='word_1_482' title='bbox 1263 4862 1321 4911; x_wconf 87' lang='lat' dir='ltr'><strong>eod.</strong></span> <span class='ocrx_word' id='word_1_483' title='bbox 1335 4866 1360 4909; x_wconf 87' lang='lat' dir='ltr'><strong>et</strong></span> <span class='ocrx_word' id='word_1_484' title='bbox 1373 4861 1399 4909; x_wconf 84' lang='grc'><strong>2.</strong></span> <span class='ocrx_word' id='word_1_485' title='bbox 1468 4858 1490 4891; x_wconf 72' lang='lat'><strong>²⁵</strong></span> <span class='ocrx_word' id='word_1_486' title='bbox 1507 4856 1609 4924; x_wconf 86' lang='lat' dir='ltr'><strong>Fuxns]</strong></span> 
     </span>
    </p>
   </div>
   <div class='ocr_carea' id='block_1_8' title="bbox 313 4946 1045 5015">
    <p class='ocr_par' dir='ltr' id='par_1_12' title="bbox 313 4946 1045 5015">
     <span class='ocr_line' id='line_1_46' title="bbox 313 4946 1045 5015; baseline -0.012 -10"><span class='ocrx_word' id='word_1_487' title='bbox 313 4953 399 5005; x_wconf 80' lang='lat' dir='ltr'><strong>fluxus</strong></span> <span class='ocrx_word' id='word_1_488' title='bbox 415 4953 465 5004; x_wconf 79' lang='lat' dir='ltr'><strong>sed</strong></span> <span class='ocrx_word' id='word_1_489' title='bbox 477 4952 568 5002; x_wconf 82' lang='lat' dir='ltr'><strong>&#39;deleta</strong></span> <span class='ocrx_word' id='word_1_490' title='bbox 584 4949 595 5000; x_wconf 94' lang='lat' dir='ltr'><strong>l</strong></span> <span class='ocrx_word' id='word_1_491' title='bbox 612 4952 670 5001; x_wconf 82' lang='lat' dir='ltr'><strong>cod.</strong></span> <span class='ocrx_word' id='word_1_492' title='bbox 699 4950 801 5015; x_wconf 85' lang='lat' dir='ltr'><strong>Tripus</strong></span> <span class='ocrx_word' id='word_1_493' title='bbox 813 4950 839 4999; x_wconf 88' lang='grc'><strong>2.</strong></span> <span class='ocrx_word' id='word_1_494' title='bbox 891 4946 914 4979; x_wconf 75' lang='lat'><strong>¹⁹</strong></span> <span class='ocrx_word' id='word_1_495' title='bbox 933 4946 1006 4997; x_wconf 85' lang='lat' dir='ltr'><strong>istud</strong></span> <span class='ocrx_word' id='word_1_496' title='bbox 1019 4946 1045 4996; x_wconf 90' lang='grc'><strong>2.</strong></span> 
     </span>
    </p>
   </div>
   <div class='ocr_carea' id='block_1_9' title="bbox 0 0 1982 5950">
    <p class='ocr_par' dir='ltr' id='par_1_13' title="bbox 0 0 1982 5950">
     <span class='ocr_line' id='line_1_47' title="bbox 0 0 1982 5950; baseline 0 0"><span class='ocrx_word' id='word_1_497' title='bbox 0 0 1982 5950; x_wconf 95' lang='lat' dir='ltr'><strong> </strong></span> 
     </span>
    </p>
   </div>
  </div>
 </body>
</html>
