<?xml version="1.0" encoding="UTF-8"?>
<!DOCTYPE html PUBLIC "-//W3C//DTD XHTML 1.0 Transitional//EN"
    "http://www.w3.org/TR/xhtml1/DTD/xhtml1-transitional.dtd">
<html xmlns="http://www.w3.org/1999/xhtml" xml:lang="en" lang="en">
 <head>
  <title>
</title>
<meta http-equiv="Content-Type" content="text/html;charset=utf-8" />
  <meta name='ocr-system' content='tesseract 3.04.00' />
  <meta name='ocr-capabilities' content='ocr_page ocr_carea ocr_par ocr_line ocrx_word'/>
</head>
<body>
  <div class='ocr_page' id='page_1' title='image "./ulrichihuttenie07huttgoog_0018.png"; bbox 0 0 3917 5950; ppageno 0'>
   <div class='ocr_carea' id='block_1_1' title="bbox 377 583 1182 643">
    <p class='ocr_par' dir='ltr' id='par_1_1' title="bbox 377 583 1182 643">
     <span class='ocr_line' id='line_1_1' title="bbox 377 583 1182 643; baseline -0.014 0"><span class='ocrx_word' id='word_1_1' title='bbox 377 597 427 643; x_wconf 79' lang='lat' dir='ltr'>xil</span> <span class='ocrx_word' id='word_1_2' title='bbox 863 583 1001 633; x_wconf 74' lang='lat' dir='ltr'>tlbtrottts</span> <span class='ocrx_word' id='word_1_3' title='bbox 1020 583 1182 633; x_wconf 47' lang='lat' dir='ltr'>obturatio.</span> 
     </span>
    </p>
   </div>
   <div class='ocr_carea' id='block_1_2' title="bbox 355 764 1720 4779">
    <p class='ocr_par' dir='ltr' id='par_1_2' title="bbox 355 764 1720 4779">
     <span class='ocr_line' id='line_1_2' title="bbox 377 764 1669 855; baseline -0.003 -23"><span class='ocrx_word' id='word_1_4' title='bbox 377 771 484 832; x_wconf 87' lang='lat' dir='ltr'>danmo</span> <span class='ocrx_word' id='word_1_5' title='bbox 507 764 700 850; x_wconf 75' lang='lat' dir='ltr'>perpetimur.</span> <span class='ocrx_word' id='word_1_6' title='bbox 746 787 844 830; x_wconf 82' lang='lat' dir='ltr'>sac-ras</span> <span class='ocrx_word' id='word_1_7' title='bbox 867 769 968 837; x_wconf 76' lang='lat' dir='ltr'>aedae,</span> <span class='ocrx_word' id='word_1_8' title='bbox 999 771 1088 855; x_wconf 90' lang='lat' dir='ltr'>immo</span> <span class='ocrx_word' id='word_1_9' title='bbox 1112 770 1231 830; x_wconf 90' lang='lat' dir='ltr'>nitentia</span> <span class='ocrx_word' id='word_1_10' title='bbox 1261 768 1367 846; x_wconf 88' lang='lat' dir='ltr'>palatia</span> <span class='ocrx_word' id='word_1_11' title='bbox 1395 775 1580 846; x_wconf 86' lang='lat' dir='ltr'>sumptuoso,</span> <span class='ocrx_word' id='word_1_12' title='bbox 1611 788 1669 828; x_wconf 91' lang='lat' dir='ltr'>non</span> 
     </span>
     <span class='ocr_line' id='line_1_3' title="bbox 377 895 1669 983; baseline -0.003 -24"><span class='ocrx_word' id='word_1_13' title='bbox 377 900 494 983; x_wconf 80' lang='lat' dir='ltr'>pietatis</span> <span class='ocrx_word' id='word_1_14' title='bbox 517 917 603 958; x_wconf 89' lang='lat' dir='ltr'>causa</span> <span class='ocrx_word' id='word_1_15' title='bbox 626 898 779 958; x_wconf 85' lang='lat' dir='ltr'>artilieiose</span> <span class='ocrx_word' id='word_1_16' title='bbox 802 897 946 957; x_wconf 75' lang='lat' dir='ltr'>aedificare</span> <span class='ocrx_word' id='word_1_17' title='bbox 970 897 1131 974; x_wconf 90' lang='lat' dir='ltr'>eademqne</span> <span class='ocrx_word' id='word_1_18' title='bbox 1154 898 1363 973; x_wconf 87' lang='lat' dir='ltr'>pretiosissima</span> <span class='ocrx_word' id='word_1_19' title='bbox 1386 895 1556 973; x_wconf 80' lang='lat' dir='ltr'>supellec-tili</span> <span class='ocrx_word' id='word_1_20' title='bbox 1573 896 1669 974; x_wconf 87' lang='lat' dir='ltr'>splen·</span> 
     </span>
     <span class='ocr_line' id='line_1_4' title="bbox 355 1024 1669 1104; baseline -0.002 -18"><span class='ocrx_word' id='word_1_21' title='bbox 355 1025 510 1103; x_wconf 81' lang='lat' dir='ltr'>¹didisque</span> <span class='ocrx_word' id='word_1_22' title='bbox 539 1025 646 1084; x_wconf 87' lang='lat' dir='ltr'>oscillis</span> <span class='ocrx_word' id='word_1_23' title='bbox 668 1025 748 1104; x_wconf 86' lang='lat' dir='ltr'>quasi</span> <span class='ocrx_word' id='word_1_24' title='bbox 772 1025 945 1084; x_wconf 77' lang='lat' dir='ltr'>llammouee</span> <span class='ocrx_word' id='word_1_25' title='bbox 967 1024 1190 1084; x_wconf 84' lang='lat' dir='ltr'>sacritiramlum</span> <span class='ocrx_word' id='word_1_26' title='bbox 1215 1031 1288 1082; x_wconf 87' lang='lat' dir='ltr'>esset</span> <span class='ocrx_word' id='word_1_27' title='bbox 1314 1024 1392 1082; x_wconf 88' lang='lat' dir='ltr'>rarie</span> <span class='ocrx_word' id='word_1_28' title='bbox 1415 1042 1559 1083; x_wconf 85' lang='lat' dir='ltr'>exornare</span> <span class='ocrx_word' id='word_1_29' title='bbox 1581 1025 1669 1084; x_wconf 87' lang='lat' dir='ltr'>adau-</span> 
     </span>
     <span class='ocr_line' id='line_1_5' title="bbox 377 1149 1668 1232; baseline -0.002 -19"><span class='ocrx_word' id='word_1_30' title='bbox 377 1159 483 1232; x_wconf 88' lang='lat' dir='ltr'>ctoque</span> <span class='ocrx_word' id='word_1_31' title='bbox 513 1151 743 1212; x_wconf 80' lang='lat' dir='ltr'>sacrillcnlormn</span> <span class='ocrx_word' id='word_1_32' title='bbox 774 1149 986 1229; x_wconf 70' lang='lat' dir='ltr'>liistpionalium</span> <span class='ocrx_word' id='word_1_33' title='bbox 1015 1149 1144 1228; x_wconf 90' lang='lat' dir='ltr'>superbo</span> <span class='ocrx_word' id='word_1_34' title='bbox 1172 1169 1206 1209; x_wconf 90' lang='lat' dir='ltr'>ac</span> <span class='ocrx_word' id='word_1_35' title='bbox 1229 1153 1346 1227; x_wconf 86' lang='lat' dir='ltr'>procaci</span> <span class='ocrx_word' id='word_1_36' title='bbox 1370 1152 1443 1211; x_wconf 86' lang='lat' dir='ltr'>iustu</span> <span class='ocrx_word' id='word_1_37' title='bbox 1467 1161 1493 1210; x_wconf 87' lang='lat' dir='ltr'>ct</span> <span class='ocrx_word' id='word_1_38' title='bbox 1519 1153 1668 1211; x_wconf 68' lang='lat' dir='ltr'><strong>insolentia</strong></span> 
     </span>
     <span class='ocr_line' id='line_1_6' title="bbox 377 1249 1670 1357; baseline -0.002 -18"><span class='ocrx_word' id='word_1_39' title='bbox 377 1280 503 1357; x_wconf 79' lang='lat' dir='ltr'>praemiis</span> <span class='ocrx_word' id='word_1_40' title='bbox 526 1278 688 1339; x_wconf 75' lang='lat' dir='ltr'>honoribus</span> <span class='ocrx_word' id='word_1_41' title='bbox 712 1249 898 1356; x_wconf 81' lang='lat' dir='ltr'>plialerisque</span> <span class='ocrx_word' id='word_1_42' title='bbox 920 1279 1079 1356; x_wconf 87' lang='lat' dir='ltr'>propositis</span> <span class='ocrx_word' id='word_1_43' title='bbox 1102 1277 1235 1345; x_wconf 85' lang='lat' dir='ltr'>inlicere,</span> <span class='ocrx_word' id='word_1_44' title='bbox 1265 1276 1397 1336; x_wconf 87' lang='lat' dir='ltr'>nolentes</span> <span class='ocrx_word' id='word_1_45' title='bbox 1425 1287 1453 1337; x_wconf 87' lang='lat' dir='ltr'>et</span> <span class='ocrx_word' id='word_1_46' title='bbox 1475 1279 1670 1339; x_wconf 71' lang='lat' dir='ltr'>detrectantes</span> 
     </span>
     <span class='ocr_line' id='line_1_7' title="bbox 375 1403 1669 1484; baseline -0.002 -17"><span class='ocrx_word' id='word_1_47' title='bbox 375 1414 425 1468; x_wconf 89' lang='lat' dir='ltr'>aut</span> <span class='ocrx_word' id='word_1_48' title='bbox 447 1408 540 1484; x_wconf 78' lang='lat' dir='ltr'>prunis</span> <span class='ocrx_word' id='word_1_49' title='bbox 563 1405 689 1467; x_wconf 81' lang='lat' dir='ltr'>mmtaro</span> <span class='ocrx_word' id='word_1_50' title='bbox 711 1413 760 1464; x_wconf 91' lang='lat' dir='ltr'>aut</span> <span class='ocrx_word' id='word_1_51' title='bbox 783 1423 871 1465; x_wconf 78' lang='lat' dir='ltr'>nianu</span> <span class='ocrx_word' id='word_1_52' title='bbox 895 1403 1011 1464; x_wconf 87' lang='lat' dir='ltr'>militari</span> <span class='ocrx_word' id='word_1_53' title='bbox 1027 1411 1059 1464; x_wconf 91' lang='lat' dir='ltr'>nt</span> <span class='ocrx_word' id='word_1_54' title='bbox 1074 1407 1260 1483; x_wconf 78' lang='lat' dir='ltr'>frequentent</span> <span class='ocrx_word' id='word_1_55' title='bbox 1275 1405 1408 1479; x_wconf 76' lang='lat' dir='ltr'>adigere,</span> <span class='ocrx_word' id='word_1_56' title='bbox 1433 1405 1572 1482; x_wconf 80' lang='lat' dir='ltr'>neglectis</span> <span class='ocrx_word' id='word_1_57' title='bbox 1587 1424 1669 1482; x_wconf 91' lang='lat' dir='ltr'>sprc-</span> 
     </span>
     <span class='ocr_line' id='line_1_8' title="bbox 376 1530 1668 1611; baseline -0.002 -18"><span class='ocrx_word' id='word_1_58' title='bbox 376 1535 470 1611; x_wconf 89' lang='lat' dir='ltr'>tisqne</span> <span class='ocrx_word' id='word_1_59' title='bbox 493 1533 636 1594; x_wconf 93' lang='lat' dir='ltr'>bonarum</span> <span class='ocrx_word' id='word_1_60' title='bbox 660 1534 766 1592; x_wconf 89' lang='lat' dir='ltr'>artium</span> <span class='ocrx_word' id='word_1_61' title='bbox 789 1530 1010 1610; x_wconf 86' lang='lat' dir='ltr'>litterarumque</span> <span class='ocrx_word' id='word_1_62' title='bbox 1033 1550 1067 1591; x_wconf 84' lang='lat' dir='ltr'>ar</span> <span class='ocrx_word' id='word_1_63' title='bbox 1096 1531 1286 1609; x_wconf 77' lang='lat' dir='ltr'>pbilosopbiae</span> <span class='ocrx_word' id='word_1_64' title='bbox 1314 1532 1416 1591; x_wconf 90' lang='lat' dir='ltr'>studiis</span> <span class='ocrx_word' id='word_1_65' title='bbox 1444 1532 1536 1591; x_wconf 74' lang='lat' dir='ltr'>divina</span> <span class='ocrx_word' id='word_1_66' title='bbox 1566 1532 1668 1592; x_wconf 81' lang='lat' dir='ltr'>linum-</span> 
     </span>
     <span class='ocr_line' id='line_1_9' title="bbox 376 1657 1668 1737; baseline -0.001 -18"><span class='ocrx_word' id='word_1_67' title='bbox 376 1676 472 1737; x_wconf 88' lang='lat' dir='ltr'>naque</span> <span class='ocrx_word' id='word_1_68' title='bbox 495 1661 597 1719; x_wconf 75' lang='lat' dir='ltr'>relictis</span> <span class='ocrx_word' id='word_1_69' title='bbox 619 1660 780 1719; x_wconf 77' lang='lat' dir='ltr'>decretisve</span> <span class='ocrx_word' id='word_1_70' title='bbox 803 1659 939 1718; x_wconf 88' lang='lat' dir='ltr'>ordinare</span> <span class='ocrx_word' id='word_1_71' title='bbox 962 1660 1075 1726; x_wconf 85' lang='lat' dir='ltr'>oruma,</span> <span class='ocrx_word' id='word_1_72' title='bbox 1100 1658 1181 1736; x_wconf 90' lang='lat' dir='ltr'>quasi</span> <span class='ocrx_word' id='word_1_73' title='bbox 1204 1658 1240 1717; x_wconf 92' lang='lat' dir='ltr'>de</span> <span class='ocrx_word' id='word_1_74' title='bbox 1263 1657 1397 1718; x_wconf 88' lang='lat' dir='ltr'>manibus</span> <span class='ocrx_word' id='word_1_75' title='bbox 1419 1658 1600 1737; x_wconf 86' lang='lat' dir='ltr'>pedibusque</span> <span class='ocrx_word' id='word_1_76' title='bbox 1622 1668 1668 1719; x_wconf 79' lang='lat' dir='ltr'>re·</span> 
     </span>
     <span class='ocr_line' id='line_1_10' title="bbox 375 1784 1669 1864; baseline -0.002 -19"><span class='ocrx_word' id='word_1_77' title='bbox 375 1786 493 1862; x_wconf 76' lang='lat' dir='ltr'>gendis,</span> <span class='ocrx_word' id='word_1_78' title='bbox 518 1804 576 1846; x_wconf 79' lang='lat' dir='ltr'>tion</span> <span class='ocrx_word' id='word_1_79' title='bbox 599 1787 636 1846; x_wconf 90' lang='lat' dir='ltr'>de</span> <span class='ocrx_word' id='word_1_80' title='bbox 658 1788 762 1846; x_wconf 90' lang='lat' dir='ltr'>animis</span> <span class='ocrx_word' id='word_1_81' title='bbox 785 1787 966 1864; x_wconf 72' lang='lat' dir='ltr'>ingeniisque</span> <span class='ocrx_word' id='word_1_82' title='bbox 988 1785 1024 1844; x_wconf 93' lang='lat' dir='ltr'>ad</span> <span class='ocrx_word' id='word_1_83' title='bbox 1050 1787 1175 1845; x_wconf 78' lang='lat' dir='ltr'>veritatis</span> <span class='ocrx_word' id='word_1_84' title='bbox 1198 1786 1358 1862; x_wconf 79' lang='lat' dir='ltr'>‹lirirmquc</span> <span class='ocrx_word' id='word_1_85' title='bbox 1381 1784 1553 1844; x_wconf 76' lang='lat' dir='ltr'>inormibus</span> <span class='ocrx_word' id='word_1_86' title='bbox 1575 1804 1591 1844; x_wconf 92' lang='lat' dir='ltr'>a</span> <span class='ocrx_word' id='word_1_87' title='bbox 1614 1786 1669 1845; x_wconf 90' lang='lat' dir='ltr'>deo</span> 
     </span>
     <span class='ocr_line' id='line_1_11' title="bbox 376 1911 1667 1991; baseline -0.001 -19"><span class='ocrx_word' id='word_1_88' title='bbox 376 1913 468 1972; x_wconf 76' lang='lat' dir='ltr'>insitae</span> <span class='ocrx_word' id='word_1_89' title='bbox 491 1914 611 1973; x_wconf 77' lang='lat' dir='ltr'>ratiimis</span> <span class='ocrx_word' id='word_1_90' title='bbox 633 1914 838 1991; x_wconf 83' lang='lat' dir='ltr'>cognitionem,</span> <span class='ocrx_word' id='word_1_91' title='bbox 863 1929 1009 1979; x_wconf 86' lang='lat' dir='ltr'>amorem,</span> <span class='ocrx_word' id='word_1_92' title='bbox 1034 1929 1119 1971; x_wconf 90' lang='lat' dir='ltr'>usum</span> <span class='ocrx_word' id='word_1_93' title='bbox 1142 1911 1283 1971; x_wconf 87' lang='lat' dir='ltr'>ducendis</span> <span class='ocrx_word' id='word_1_94' title='bbox 1306 1918 1459 1987; x_wconf 78' lang='lat' dir='ltr'>ageretur,</span> <span class='ocrx_word' id='word_1_95' title='bbox 1484 1912 1536 1970; x_wconf 91' lang='lat' dir='ltr'>bas</span> <span class='ocrx_word' id='word_1_96' title='bbox 1551 1913 1667 1990; x_wconf 87' lang='lat' dir='ltr'>quidem</span> 
     </span>
     <span class='ocr_line' id='line_1_12' title="bbox 376 2038 1669 2118; baseline 0 -20"><span class='ocrx_word' id='word_1_97' title='bbox 376 2039 600 2116; x_wconf 86' lang='lat' dir='ltr'>cousirnilesque</span> <span class='ocrx_word' id='word_1_98' title='bbox 629 2059 694 2118; x_wconf 66' lang='lat' dir='ltr'>(pue</span> <span class='ocrx_word' id='word_1_99' title='bbox 721 2039 819 2099; x_wconf 61' lang='lat' dir='ltr'>cerialta*</span> <span class='ocrx_word' id='word_1_100' title='bbox 846 2044 915 2097; x_wconf 89' lang='lat' dir='ltr'>sunt</span> <span class='ocrx_word' id='word_1_101' title='bbox 943 2039 1167 2115; x_wconf 87' lang='lat' dir='ltr'>superstitiones</span> <span class='ocrx_word' id='word_1_102' title='bbox 1195 2038 1281 2097; x_wconf 89' lang='lat' dir='ltr'>ctiam</span> <span class='ocrx_word' id='word_1_103' title='bbox 1306 2038 1475 2115; x_wconf 78' lang='lat' dir='ltr'>pientissimi</span> <span class='ocrx_word' id='word_1_104' title='bbox 1499 2040 1551 2098; x_wconf 87' lang='lat' dir='ltr'>riri</span> <span class='ocrx_word' id='word_1_105' title='bbox 1575 2038 1613 2098; x_wconf 93' lang='lat' dir='ltr'>illi</span> <span class='ocrx_word' id='word_1_106' title='bbox 1637 2049 1669 2100; x_wconf 87' lang='lat' dir='ltr'>ut</span> 
     </span>
     <span class='ocr_line' id='line_1_13' title="bbox 372 2163 1668 2240; baseline 0 -15"><span class='ocrx_word' id='word_1_107' title='bbox 372 2164 546 2237; x_wconf 65' lang='lat' dir='ltr'>,Christiana</span> <span class='ocrx_word' id='word_1_108' title='bbox 568 2166 709 2224; x_wconf 75' lang='lat' dir='ltr'>doctrinae</span> <span class='ocrx_word' id='word_1_109' title='bbox 732 2166 893 2224; x_wconf 80' lang='lat' dir='ltr'>conuarias</span> <span class='ocrx_word' id='word_1_110' title='bbox 916 2165 1072 2223; x_wconf 83' lang='lat' dir='ltr'>fortissime</span> <span class='ocrx_word' id='word_1_111' title='bbox 1096 2163 1164 2222; x_wconf 92' lang='lat' dir='ltr'>olim</span> <span class='ocrx_word' id='word_1_112' title='bbox 1181 2164 1449 2240; x_wconf 76' lang='lat' dir='ltr'>nprcluuuleruut:</span> <span class='ocrx_word' id='word_1_113' title='bbox 1473 2173 1600 2226; x_wconf 89' lang='lat' dir='ltr'>attamen</span> <span class='ocrx_word' id='word_1_114' title='bbox 1617 2167 1668 2225; x_wconf 91' lang='lat' dir='ltr'>bo·</span> 
     </span>
     <span class='ocr_line' id='line_1_14' title="bbox 375 2281 1669 2370; baseline 0.001 -18"><span class='ocrx_word' id='word_1_115' title='bbox 375 2291 481 2370; x_wconf 87' lang='lat' dir='ltr'>dicque</span> <span class='ocrx_word' id='word_1_116' title='bbox 503 2310 608 2369; x_wconf 69' lang='lat' dir='ltr'>greges</span> <span class='ocrx_word' id='word_1_117' title='bbox 630 2309 733 2351; x_wconf 74' lang='lat' dir='ltr'>turcinu</span> <span class='ocrx_word' id='word_1_118' title='bbox 756 2299 824 2349; x_wconf 89' lang='lat' dir='ltr'>sum</span> <span class='ocrx_word' id='word_1_119' title='bbox 846 2289 953 2368; x_wconf 89' lang='lat' dir='ltr'>quibus</span> <span class='ocrx_word' id='word_1_120' title='bbox 975 2290 1069 2348; x_wconf 88' lang='lat' dir='ltr'>maior</span> <span class='ocrx_word' id='word_1_121' title='bbox 1092 2291 1173 2349; x_wconf 90' lang='lat' dir='ltr'>istius</span> <span class='ocrx_word' id='word_1_122' title='bbox 1195 2281 1276 2349; x_wconf 91' lang='lat' dir='ltr'>modi</span> <span class='ocrx_word' id='word_1_123' title='bbox 1295 2309 1441 2368; x_wconf 74' lang='lat' dir='ltr'>perversa.</span> <span class='ocrx_word' id='word_1_124' title='bbox 1463 2293 1576 2370; x_wconf 88' lang='lat' dir='ltr'>pietatis</span> <span class='ocrx_word' id='word_1_125' title='bbox 1599 2313 1669 2353; x_wconf 79' lang='lat' dir='ltr'>eitra</span> 
     </span>
     <span class='ocr_line' id='line_1_15' title="bbox 375 2416 1667 2497; baseline 0 -18"><span class='ocrx_word' id='word_1_126' title='bbox 375 2436 440 2479; x_wconf 79' lang='lat' dir='ltr'>csse</span> <span class='ocrx_word' id='word_1_127' title='bbox 462 2418 593 2478; x_wconf 85' lang='lat' dir='ltr'>rideatur</span> <span class='ocrx_word' id='word_1_128' title='bbox 616 2435 704 2495; x_wconf 76' lang='lat' dir='ltr'>rpeiam</span> <span class='ocrx_word' id='word_1_129' title='bbox 728 2422 760 2475; x_wconf 94' lang='lat' dir='ltr'>ut</span> <span class='ocrx_word' id='word_1_130' title='bbox 781 2417 904 2476; x_wconf 85' lang='lat' dir='ltr'>interius</span> <span class='ocrx_word' id='word_1_131' title='bbox 927 2416 1067 2494; x_wconf 73' lang='lat' dir='ltr'>[ternplum</span> <span class='ocrx_word' id='word_1_132' title='bbox 1091 2418 1199 2476; x_wconf 78' lang='lat' dir='ltr'>tietuini</span> <span class='ocrx_word' id='word_1_133' title='bbox 1223 2424 1358 2477; x_wconf 85' lang='lat' dir='ltr'>extruant</span> <span class='ocrx_word' id='word_1_134' title='bbox 1382 2418 1534 2497; x_wconf 86' lang='lat' dir='ltr'>eidemque</span> <span class='ocrx_word' id='word_1_135' title='bbox 1557 2419 1667 2479; x_wconf 83' lang='lat' dir='ltr'>clarum</span> 
     </span>
     <span class='ocr_line' id='line_1_16' title="bbox 376 2542 1668 2622; baseline -0.001 -16"><span class='ocrx_word' id='word_1_136' title='bbox 376 2545 475 2606; x_wconf 88' lang='lat' dir='ltr'>lumen</span> <span class='ocrx_word' id='word_1_137' title='bbox 505 2544 659 2610; x_wconf 85' lang='lat' dir='ltr'>inducant.</span> <span class='ocrx_word' id='word_1_138' title='bbox 692 2543 718 2602; x_wconf 94' lang='lat' dir='ltr'>id</span> <span class='ocrx_word' id='word_1_139' title='bbox 743 2542 897 2620; x_wconf 88' lang='lat' dir='ltr'>quodnisi</span> <span class='ocrx_word' id='word_1_140' title='bbox 921 2543 1069 2602; x_wconf 86' lang='lat' dir='ltr'>rnemibus</span> <span class='ocrx_word' id='word_1_141' title='bbox 1090 2544 1280 2622; x_wconf 82' lang='lat' dir='ltr'>moribusque</span> <span class='ocrx_word' id='word_1_142' title='bbox 1304 2543 1471 2605; x_wconf 72' lang='lat' dir='ltr'>excolendis</span> <span class='ocrx_word' id='word_1_143' title='bbox 1494 2548 1668 2606; x_wconf 83' lang='lat' dir='ltr'>consuman-</span> 
     </span>
     <span class='ocr_line' id='line_1_17' title="bbox 376 2669 1669 2751; baseline -0.002 -18"><span class='ocrx_word' id='word_1_144' title='bbox 376 2672 480 2751; x_wconf 84' lang='lat' dir='ltr'>disque</span> <span class='ocrx_word' id='word_1_145' title='bbox 510 2672 572 2731; x_wconf 86' lang='lat' dir='ltr'>beri</span> <span class='ocrx_word' id='word_1_146' title='bbox 602 2687 660 2729; x_wconf 92' lang='lat' dir='ltr'>non</span> <span class='ocrx_word' id='word_1_147' title='bbox 690 2676 795 2746; x_wconf 85' lang='lat' dir='ltr'>potest.</span> <span class='ocrx_word' id='word_1_148' title='bbox 840 2676 927 2748; x_wconf 89' lang='lat' dir='ltr'>atque.</span> <span class='ocrx_word' id='word_1_149' title='bbox 956 2669 1012 2729; x_wconf 89' lang='lat' dir='ltr'>boc</span> <span class='ocrx_word' id='word_1_150' title='bbox 1042 2671 1135 2747; x_wconf 91' lang='lat' dir='ltr'>ipsum</span> <span class='ocrx_word' id='word_1_151' title='bbox 1166 2677 1197 2729; x_wconf 89' lang='lat' dir='ltr'>ut</span> <span class='ocrx_word' id='word_1_152' title='bbox 1226 2670 1309 2729; x_wconf 85' lang='lat' dir='ltr'>beret.</span> <span class='ocrx_word' id='word_1_153' title='bbox 1338 2672 1365 2730; x_wconf 95' lang='lat' dir='ltr'>in</span> <span class='ocrx_word' id='word_1_154' title='bbox 1395 2673 1495 2748; x_wconf 88' lang='lat' dir='ltr'>primis</span> <span class='ocrx_word' id='word_1_155' title='bbox 1525 2674 1669 2733; x_wconf 87' lang='lat' dir='ltr'>lluttenus</span> 
     </span>
     <span class='ocr_line' id='line_1_18' title="bbox 375 2774 1669 2877; baseline -0.002 -18"><span class='ocrx_word' id='word_1_156' title='bbox 375 2804 476 2859; x_wconf 83' lang='lat' dir='ltr'>noster</span> <span class='ocrx_word' id='word_1_157' title='bbox 504 2774 641 2857; x_wconf 90' lang='lat' dir='ltr'>omnibus</span> <span class='ocrx_word' id='word_1_158' title='bbox 670 2805 698 2856; x_wconf 90' lang='lat' dir='ltr'>at</span> <span class='ocrx_word' id='word_1_159' title='bbox 726 2799 826 2875; x_wconf 91' lang='lat' dir='ltr'>quanti</span> <span class='ocrx_word' id='word_1_160' title='bbox 856 2797 963 2873; x_wconf 75' lang='lat' dir='ltr'>ingenii</span> <span class='ocrx_word' id='word_1_161' title='bbox 992 2796 1102 2856; x_wconf 79' lang='lat' dir='ltr'>viribus</span> <span class='ocrx_word' id='word_1_162' title='bbox 1132 2798 1249 2857; x_wconf 84' lang='lat' dir='ltr'>corrisus</span> <span class='ocrx_word' id='word_1_163' title='bbox 1272 2805 1330 2864; x_wconf 86' lang='lat' dir='ltr'>cst,</span> <span class='ocrx_word' id='word_1_164' title='bbox 1361 2798 1497 2877; x_wconf 88' lang='lat' dir='ltr'>idemque</span> <span class='ocrx_word' id='word_1_165' title='bbox 1520 2798 1555 2857; x_wconf 88' lang='lat' dir='ltr'>de</span> <span class='ocrx_word' id='word_1_166' title='bbox 1578 2799 1669 2860; x_wconf 89' lang='lat' dir='ltr'>rebus</span> 
     </span>
     <span class='ocr_line' id='line_1_19' title="bbox 375 2923 1667 3005; baseline 0 -19"><span class='ocrx_word' id='word_1_167' title='bbox 375 2923 500 3005; x_wconf 86' lang='lat' dir='ltr'>publicis</span> <span class='ocrx_word' id='word_1_168' title='bbox 523 2924 801 3003; x_wconf 68' lang='lat' dir='ltr'>ecclesiasticisque,</span> <span class='ocrx_word' id='word_1_169' title='bbox 831 2924 868 2983; x_wconf 91' lang='lat' dir='ltr'>de</span> <span class='ocrx_word' id='word_1_170' title='bbox 890 2924 1109 3001; x_wconf 74' lang='lat' dir='ltr'>magistratibus</span> <span class='ocrx_word' id='word_1_171' title='bbox 1132 2943 1166 2984; x_wconf 89' lang='lat' dir='ltr'>ac</span> <span class='ocrx_word' id='word_1_172' title='bbox 1189 2924 1376 2994; x_wconf 86' lang='lat' dir='ltr'>sacerdotiis,</span> <span class='ocrx_word' id='word_1_173' title='bbox 1406 2925 1494 2986; x_wconf 81' lang='lat' dir='ltr'>rirodo</span> <span class='ocrx_word' id='word_1_174' title='bbox 1519 2934 1602 2999; x_wconf 26' lang='lat' dir='ltr'>,reete</span> <span class='ocrx_word' id='word_1_175' title='bbox 1626 2928 1667 2986; x_wconf 95' lang='lat' dir='ltr'>in-</span> 
     </span>
     <span class='ocr_line' id='line_1_20' title="bbox 378 3049 1668 3132; baseline 0 -20"><span class='ocrx_word' id='word_1_176' title='bbox 378 3054 563 3130; x_wconf 81' lang='lat' dir='ltr'>terpreteris,</span> <span class='ocrx_word' id='word_1_177' title='bbox 588 3071 620 3112; x_wconf 88' lang='lat' dir='ltr'>ea</span> <span class='ocrx_word' id='word_1_178' title='bbox 645 3054 770 3130; x_wconf 84' lang='lat' dir='ltr'>posteris</span> <span class='ocrx_word' id='word_1_179' title='bbox 793 3052 910 3112; x_wconf 71' lang='lat' dir='ltr'>trastulit</span> <span class='ocrx_word' id='word_1_180' title='bbox 934 3070 999 3130; x_wconf 62' lang='lat' dir='ltr'>quse</span> <span class='ocrx_word' id='word_1_181' title='bbox 1021 3069 1079 3110; x_wconf 83' lang='lat' dir='ltr'>lton</span> <span class='ocrx_word' id='word_1_182' title='bbox 1097 3049 1251 3112; x_wconf 70' lang='lat' dir='ltr'>tidrnranis</span> <span class='ocrx_word' id='word_1_183' title='bbox 1266 3052 1360 3114; x_wconf 90' lang='lat' dir='ltr'>solnm</span> <span class='ocrx_word' id='word_1_184' title='bbox 1377 3053 1427 3113; x_wconf 91' lang='lat' dir='ltr'>sed</span> <span class='ocrx_word' id='word_1_185' title='bbox 1451 3052 1566 3131; x_wconf 85' lang='lat' dir='ltr'>populis</span> <span class='ocrx_word' id='word_1_186' title='bbox 1588 3054 1668 3132; x_wconf 89' lang='lat' dir='ltr'>prin·</span> 
     </span>
     <span class='ocr_line' id='line_1_21' title="bbox 374 3177 1669 3259; baseline 0 -19"><span class='ocrx_word' id='word_1_187' title='bbox 374 3177 549 3257; x_wconf 75' lang='lat' dir='ltr'>sinibusque</span> <span class='ocrx_word' id='word_1_188' title='bbox 579 3178 716 3237; x_wconf 85' lang='lat' dir='ltr'>omnilms</span> <span class='ocrx_word' id='word_1_189' title='bbox 744 3178 896 3238; x_wconf 89' lang='lat' dir='ltr'>utilissima</span> <span class='ocrx_word' id='word_1_190' title='bbox 925 3196 990 3238; x_wconf 84' lang='lat' dir='ltr'>csse</span> <span class='ocrx_word' id='word_1_191' title='bbox 1019 3177 1054 3236; x_wconf 92' lang='lat' dir='ltr'>ab</span> <span class='ocrx_word' id='word_1_192' title='bbox 1083 3180 1226 3238; x_wconf 80' lang='lat' dir='ltr'>unimrsis</span> <span class='ocrx_word' id='word_1_193' title='bbox 1254 3179 1462 3240; x_wconf 89' lang='lat' dir='ltr'>iudicalnmtur</span> <span class='ocrx_word' id='word_1_194' title='bbox 1483 3181 1533 3259; x_wconf 89' lang='lat' dir='ltr'>qui</span> <span class='ocrx_word' id='word_1_195' title='bbox 1556 3181 1669 3240; x_wconf 85' lang='lat' dir='ltr'>recitati</span> 
     </span>
     <span class='ocr_line' id='line_1_22' title="bbox 374 3303 1667 3385; baseline 0.002 -21"><span class='ocrx_word' id='word_1_196' title='bbox 374 3304 493 3365; x_wconf 77' lang='lat' dir='ltr'>strident</span> <span class='ocrx_word' id='word_1_197' title='bbox 515 3323 610 3382; x_wconf 91' lang='lat' dir='ltr'>neque</span> <span class='ocrx_word' id='word_1_198' title='bbox 634 3305 729 3363; x_wconf 80' lang='lat' dir='ltr'>orimia</span> <span class='ocrx_word' id='word_1_199' title='bbox 753 3303 792 3363; x_wconf 93' lang='lat' dir='ltr'>lui</span> <span class='ocrx_word' id='word_1_200' title='bbox 815 3323 902 3381; x_wconf 88' lang='lat' dir='ltr'>posse</span> <span class='ocrx_word' id='word_1_201' title='bbox 925 3305 1062 3382; x_wconf 81' lang='lat' dir='ltr'>periuria.</span> <span class='ocrx_word' id='word_1_202' title='bbox 1093 3304 1168 3364; x_wconf 86' lang='lat' dir='ltr'>baur</span> <span class='ocrx_word' id='word_1_203' title='bbox 1191 3305 1279 3366; x_wconf 87' lang='lat' dir='ltr'>deum</span> <span class='ocrx_word' id='word_1_204' title='bbox 1302 3324 1382 3374; x_wconf 86' lang='lat' dir='ltr'>esse,</span> <span class='ocrx_word' id='word_1_205' title='bbox 1412 3306 1581 3385; x_wconf 68' lang='lat' dir='ltr'>cinysium,</span> <span class='ocrx_word' id='word_1_206' title='bbox 1610 3324 1667 3366; x_wconf 75' lang='lat' dir='ltr'>riou</span> 
     </span>
     <span class='ocr_line' id='line_1_23' title="bbox 369 3414 1668 3512; baseline 0.002 -20"><span class='ocrx_word' id='word_1_207' title='bbox 369 3414 535 3511; x_wconf 79' lang='lat' dir='ltr'>pauperem</span> <span class='ocrx_word' id='word_1_208' title='bbox 560 3431 708 3490; x_wconf 75' lang='lat' dir='ltr'>Christum</span> <span class='ocrx_word' id='word_1_209' title='bbox 732 3430 786 3512; x_wconf 76' lang='lat' dir='ltr'>coli</span> <span class='ocrx_word' id='word_1_210' title='bbox 811 3431 920 3491; x_wconf 86' lang='lat' dir='ltr'>debere</span> <span class='ocrx_word' id='word_1_211' title='bbox 943 3432 1094 3491; x_wconf 87' lang='lat' dir='ltr'>institoriis</span> <span class='ocrx_word' id='word_1_212' title='bbox 1117 3432 1177 3492; x_wconf 86' lang='lat' dir='ltr'>suis</span> <span class='ocrx_word' id='word_1_213' title='bbox 1200 3434 1303 3492; x_wconf 89' lang='lat' dir='ltr'>animis</span> <span class='ocrx_word' id='word_1_214' title='bbox 1330 3440 1550 3511; x_wconf 88' lang='lat' dir='ltr'>persuaserunt.</span> <span class='ocrx_word' id='word_1_215' title='bbox 1594 3433 1668 3494; x_wconf 84' lang='lat' dir='ltr'>Rem</span> 
     </span>
     <span class='ocr_line' id='line_1_24' title="bbox 373 3557 1668 3639; baseline 0.002 -21"><span class='ocrx_word' id='word_1_216' title='bbox 373 3558 472 3639; x_wconf 82' lang='lat' dir='ltr'>itaque</span> <span class='ocrx_word' id='word_1_217' title='bbox 494 3557 661 3619; x_wconf 87' lang='lat' dir='ltr'>desideratn</span> <span class='ocrx_word' id='word_1_218' title='bbox 685 3567 882 3638; x_wconf 83' lang='lat' dir='ltr'>exoptatuque</span> <span class='ocrx_word' id='word_1_219' title='bbox 904 3557 1089 3636; x_wconf 77' lang='lat' dir='ltr'>perfacilem,</span> <span class='ocrx_word' id='word_1_220' title='bbox 1119 3558 1170 3618; x_wconf 92' lang='lat' dir='ltr'>sed</span> <span class='ocrx_word' id='word_1_221' title='bbox 1200 3577 1264 3637; x_wconf 84' lang='lat' dir='ltr'>quae</span> <span class='ocrx_word' id='word_1_222' title='bbox 1292 3577 1352 3619; x_wconf 93' lang='lat' dir='ltr'>non</span> <span class='ocrx_word' id='word_1_223' title='bbox 1382 3562 1444 3619; x_wconf 88' lang='lat' dir='ltr'>sine</span> <span class='ocrx_word' id='word_1_224' title='bbox 1474 3560 1572 3620; x_wconf 81' lang='lat' dir='ltr'>rindtis</span> <span class='ocrx_word' id='word_1_225' title='bbox 1594 3561 1668 3621; x_wconf 75' lang='lat' dir='ltr'>‹ittu-</span> 
     </span>
     <span class='ocr_line' id='line_1_25' title="bbox 375 3683 1668 3765; baseline -0.001 -19"><span class='ocrx_word' id='word_1_226' title='bbox 375 3683 547 3754; x_wconf 82' lang='lat' dir='ltr'>cultatibus,</span> <span class='ocrx_word' id='word_1_227' title='bbox 578 3684 743 3753; x_wconf 60' lang='lat' dir='ltr'>laboribus</span> <span class='ocrx_word' id='word_1_228' title='bbox 773 3686 933 3764; x_wconf 79' lang='lat' dir='ltr'>dispendiis</span> <span class='ocrx_word' id='word_1_229' title='bbox 961 3686 1063 3763; x_wconf 83' lang='lat' dir='ltr'>perfici</span> <span class='ocrx_word' id='word_1_230' title='bbox 1092 3693 1203 3765; x_wconf 88' lang='lat' dir='ltr'>potest,</span> <span class='ocrx_word' id='word_1_231' title='bbox 1233 3685 1312 3746; x_wconf 92' lang='lat' dir='ltr'>bono</span> <span class='ocrx_word' id='word_1_232' title='bbox 1334 3688 1431 3746; x_wconf 90' lang='lat' dir='ltr'>auimo</span> <span class='ocrx_word' id='word_1_233' title='bbox 1453 3688 1610 3764; x_wconf 76' lang='lat' dir='ltr'>adgressus</span> <span class='ocrx_word' id='word_1_234' title='bbox 1633 3707 1668 3748; x_wconf 90' lang='lat' dir='ltr'>co</span> 
     </span>
     <span class='ocr_line' id='line_1_26' title="bbox 374 3812 1667 3893; baseline 0.002 -22"><span class='ocrx_word' id='word_1_235' title='bbox 374 3812 529 3871; x_wconf 87' lang='lat' dir='ltr'>amantiori</span> <span class='ocrx_word' id='word_1_236' title='bbox 558 3819 735 3890; x_wconf 88' lang='lat' dir='ltr'>prosecutus</span> <span class='ocrx_word' id='word_1_237' title='bbox 764 3832 828 3874; x_wconf 92' lang='lat' dir='ltr'>sum</span> <span class='ocrx_word' id='word_1_238' title='bbox 852 3831 911 3892; x_wconf 92' lang='lat' dir='ltr'>qno</span> <span class='ocrx_word' id='word_1_239' title='bbox 934 3814 1027 3888; x_wconf 76' lang='lat' dir='ltr'>caragis</span> <span class='ocrx_word' id='word_1_240' title='bbox 1049 3813 1169 3874; x_wconf 84' lang='lat' dir='ltr'>llutteui</span> <span class='ocrx_word' id='word_1_241' title='bbox 1191 3815 1299 3891; x_wconf 83' lang='lat' dir='ltr'>ingenii</span> <span class='ocrx_word' id='word_1_242' title='bbox 1322 3814 1469 3893; x_wconf 83' lang='lat' dir='ltr'>uniruique</span> <span class='ocrx_word' id='word_1_243' title='bbox 1493 3815 1667 3892; x_wconf 81' lang='lat' dir='ltr'>magnitudi-</span> 
     </span>
     <span class='ocr_line' id='line_1_27' title="bbox 372 3940 1668 4019; baseline 0 -20"><span class='ocrx_word' id='word_1_244' title='bbox 372 3956 458 4007; x_wconf 75' lang='lat' dir='ltr'>uem,</span> <span class='ocrx_word' id='word_1_245' title='bbox 487 3941 695 4009; x_wconf 86' lang='lat' dir='ltr'>constantiam,</span> <span class='ocrx_word' id='word_1_246' title='bbox 724 3940 955 4018; x_wconf 86' lang='lat' dir='ltr'>simplicitatem,</span> <span class='ocrx_word' id='word_1_247' title='bbox 985 3940 1143 4000; x_wconf 88' lang='lat' dir='ltr'>candorem</span> <span class='ocrx_word' id='word_1_248' title='bbox 1166 3941 1195 3999; x_wconf 92' lang='lat' dir='ltr'>in</span> <span class='ocrx_word' id='word_1_249' title='bbox 1218 3940 1281 4000; x_wconf 88' lang='lat' dir='ltr'>dies</span> <span class='ocrx_word' id='word_1_250' title='bbox 1302 3940 1479 4000; x_wconf 87' lang='lat' dir='ltr'>admirabar.</span> <span class='ocrx_word' id='word_1_251' title='bbox 1526 3943 1668 4019; x_wconf 81' lang='lat' dir='ltr'>coemptis</span> 
     </span>
     <span class='ocr_line' id='line_1_28' title="bbox 372 4065 1720 4149; baseline -0.001 -22"><span class='ocrx_word' id='word_1_252' title='bbox 372 4066 600 4128; x_wconf 81' lang='lat' dir='ltr'>commodatisre</span> <span class='ocrx_word' id='word_1_253' title='bbox 628 4065 766 4127; x_wconf 86' lang='lat' dir='ltr'>subsidiis</span> <span class='ocrx_word' id='word_1_254' title='bbox 793 4066 892 4145; x_wconf 89' lang='lat' dir='ltr'>paullo</span> <span class='ocrx_word' id='word_1_255' title='bbox 921 4068 1092 4127; x_wconf 85' lang='lat' dir='ltr'>instructior</span> <span class='ocrx_word' id='word_1_256' title='bbox 1120 4068 1214 4126; x_wconf 86' lang='lat' dir='ltr'>tactus</span> <span class='ocrx_word' id='word_1_257' title='bbox 1240 4067 1334 4145; x_wconf 91' lang='lat' dir='ltr'>siquid</span> <span class='ocrx_word' id='word_1_258' title='bbox 1358 4067 1498 4126; x_wconf 85' lang='lat' dir='ltr'>ineditum</span> <span class='ocrx_word' id='word_1_259' title='bbox 1522 4075 1571 4127; x_wconf 87' lang='lat' dir='ltr'>am</span> <span class='ocrx_word' id='word_1_260' title='bbox 1594 4065 1667 4126; x_wconf 92' lang='lat' dir='ltr'>obli·</span> <span class='ocrx_word' id='word_1_261' title='bbox 1716 4141 1720 4149; x_wconf 25' lang='grc' dir='ltr'>ι</span> 
     </span>
     <span class='ocr_line' id='line_1_29' title="bbox 372 4193 1667 4272; baseline 0 -19"><span class='ocrx_word' id='word_1_262' title='bbox 372 4195 457 4255; x_wconf 85' lang='lat' dir='ltr'>vione</span> <span class='ocrx_word' id='word_1_263' title='bbox 480 4194 627 4272; x_wconf 86' lang='lat' dir='ltr'>sepultum</span> <span class='ocrx_word' id='word_1_264' title='bbox 651 4194 771 4263; x_wconf 87' lang='lat' dir='ltr'>lateret,</span> <span class='ocrx_word' id='word_1_265' title='bbox 801 4200 830 4252; x_wconf 89' lang='lat' dir='ltr'>et</span> <span class='ocrx_word' id='word_1_266' title='bbox 858 4193 1013 4255; x_wconf 82' lang='lat' dir='ltr'>itineribus</span> <span class='ocrx_word' id='word_1_267' title='bbox 1042 4194 1125 4253; x_wconf 87' lang='lat' dir='ltr'>laetis</span> <span class='ocrx_word' id='word_1_268' title='bbox 1153 4199 1181 4252; x_wconf 87' lang='lat' dir='ltr'>et</span> <span class='ocrx_word' id='word_1_269' title='bbox 1204 4195 1365 4252; x_wconf 82' lang='lat' dir='ltr'>auricmum</span> <span class='ocrx_word' id='word_1_270' title='bbox 1389 4195 1417 4253; x_wconf 91' lang='lat' dir='ltr'>in</span> <span class='ocrx_word' id='word_1_271' title='bbox 1440 4194 1542 4271; x_wconf 88' lang='lat' dir='ltr'>primis</span> <span class='ocrx_word' id='word_1_272' title='bbox 1564 4194 1667 4253; x_wconf 80' lang='lat' dir='ltr'>lirinia-</span> 
     </span>
     <span class='ocr_line' id='line_1_30' title="bbox 370 4319 1667 4398; baseline -0.001 -18"><span class='ocrx_word' id='word_1_273' title='bbox 370 4321 460 4381; x_wconf 86' lang='lat' dir='ltr'>uitate</span> <span class='ocrx_word' id='word_1_274' title='bbox 489 4320 692 4382; x_wconf 81' lang='lat' dir='ltr'>liberalissime</span> <span class='ocrx_word' id='word_1_275' title='bbox 718 4322 834 4382; x_wconf 86' lang='lat' dir='ltr'>adiutus</span> <span class='ocrx_word' id='word_1_276' title='bbox 857 4340 890 4380; x_wconf 91' lang='lat' dir='ltr'>ea</span> <span class='ocrx_word' id='word_1_277' title='bbox 919 4320 1065 4397; x_wconf 81' lang='lat' dir='ltr'>diligentia</span> <span class='ocrx_word' id='word_1_278' title='bbox 1090 4339 1145 4398; x_wconf 93' lang='lat' dir='ltr'>qua</span> <span class='ocrx_word' id='word_1_279' title='bbox 1175 4338 1228 4397; x_wconf 89' lang='lat' dir='ltr'>per</span> <span class='ocrx_word' id='word_1_280' title='bbox 1257 4321 1299 4379; x_wconf 88' lang='lat' dir='ltr'>rei</span> <span class='ocrx_word' id='word_1_281' title='bbox 1329 4319 1495 4380; x_wconf 69' lang='lat' dir='ltr'>domesticae</span> <span class='ocrx_word' id='word_1_282' title='bbox 1516 4319 1667 4379; x_wconf 85' lang='lat' dir='ltr'>scholasti·</span> 
     </span>
     <span class='ocr_line' id='line_1_31' title="bbox 372 4447 1667 4526; baseline 0 -20"><span class='ocrx_word' id='word_1_283' title='bbox 372 4448 458 4525; x_wconf 90' lang='lat' dir='ltr'>cique</span> <span class='ocrx_word' id='word_1_284' title='bbox 481 4450 612 4507; x_wconf 90' lang='lat' dir='ltr'>muneris</span> <span class='ocrx_word' id='word_1_285' title='bbox 635 4467 722 4509; x_wconf 89' lang='lat' dir='ltr'>curas</span> <span class='ocrx_word' id='word_1_286' title='bbox 744 4448 866 4517; x_wconf 81' lang='lat' dir='ltr'>licebat,</span> <span class='ocrx_word' id='word_1_287' title='bbox 896 4447 1128 4526; x_wconf 87' lang='lat' dir='ltr'>perquirendum</span> <span class='ocrx_word' id='word_1_288' title='bbox 1151 4448 1275 4525; x_wconf 87' lang='lat' dir='ltr'>suscepi.</span> <span class='ocrx_word' id='word_1_289' title='bbox 1321 4448 1376 4507; x_wconf 87' lang='lat' dir='ltr'>iam</span> <span class='ocrx_word' id='word_1_290' title='bbox 1400 4449 1424 4506; x_wconf 88' lang='lat' dir='ltr'>si</span> <span class='ocrx_word' id='word_1_291' title='bbox 1447 4464 1573 4523; x_wconf 87' lang='lat' dir='ltr'>quorum</span> <span class='ocrx_word' id='word_1_292' title='bbox 1596 4448 1667 4506; x_wconf 83' lang='lat' dir='ltr'>anu·</span> 
     </span>
     <span class='ocr_line' id='line_1_32' title="bbox 373 4571 1666 4649; baseline 0.002 -18"><span class='ocrx_word' id='word_1_293' title='bbox 373 4590 476 4631; x_wconf 75' lang='lat' dir='ltr'>coriam</span> <span class='ocrx_word' id='word_1_294' title='bbox 500 4580 606 4649; x_wconf 89' lang='lat' dir='ltr'>quanta</span> <span class='ocrx_word' id='word_1_295' title='bbox 630 4572 804 4635; x_wconf 84' lang='lat' dir='ltr'>liberalitato</span> <span class='ocrx_word' id='word_1_296' title='bbox 826 4576 1036 4635; x_wconf 88' lang='lat' dir='ltr'>humanissime</span> <span class='ocrx_word' id='word_1_297' title='bbox 1059 4574 1176 4635; x_wconf 87' lang='lat' dir='ltr'>adimus</span> <span class='ocrx_word' id='word_1_298' title='bbox 1198 4592 1308 4644; x_wconf 83' lang='lat' dir='ltr'>essent,</span> <span class='ocrx_word' id='word_1_299' title='bbox 1332 4575 1444 4634; x_wconf 86' lang='lat' dir='ltr'>meritis</span> <span class='ocrx_word' id='word_1_300' title='bbox 1466 4571 1602 4633; x_wconf 85' lang='lat' dir='ltr'>lauditms</span> <span class='ocrx_word' id='word_1_301' title='bbox 1617 4592 1666 4633; x_wconf 81' lang='lat' dir='ltr'>ex-</span> 
     </span>
     <span class='ocr_line' id='line_1_33' title="bbox 371 4695 1667 4779; baseline 0.002 -22"><span class='ocrx_word' id='word_1_302' title='bbox 371 4695 521 4766; x_wconf 84' lang='lat' dir='ltr'>tollerem,</span> <span class='ocrx_word' id='word_1_303' title='bbox 545 4696 646 4773; x_wconf 69' lang='lat' dir='ltr'>gloriae</span> <span class='ocrx_word' id='word_1_304' title='bbox 669 4717 741 4756; x_wconf 78' lang='lat' dir='ltr'>inem</span> <span class='ocrx_word' id='word_1_305' title='bbox 763 4700 825 4776; x_wconf 90' lang='lat' dir='ltr'>ipse</span> <span class='ocrx_word' id='word_1_306' title='bbox 847 4719 938 4761; x_wconf 83' lang='lat' dir='ltr'>rarius</span> <span class='ocrx_word' id='word_1_307' title='bbox 959 4704 1136 4779; x_wconf 64' lang='lat' dir='ltr'>praedicator·</span> <span class='ocrx_word' id='word_1_308' title='bbox 1158 4700 1317 4763; x_wconf 87' lang='lat' dir='ltr'>lectoribus</span> <span class='ocrx_word' id='word_1_309' title='bbox 1340 4701 1455 4769; x_wconf 87' lang='lat' dir='ltr'>ridear,</span> <span class='ocrx_word' id='word_1_310' title='bbox 1479 4718 1575 4778; x_wconf 88' lang='lat' dir='ltr'>neque</span> <span class='ocrx_word' id='word_1_311' title='bbox 1598 4719 1667 4759; x_wconf 87' lang='lat' dir='ltr'>reru</span> 
     </span>
    </p>
   </div>
   <div class='ocr_carea' id='block_1_3' title="bbox 372 4824 1667 4905">
    <p class='ocr_par' dir='ltr' id='par_1_3' title="bbox 372 4824 1667 4905">
     <span class='ocr_line' id='line_1_34' title="bbox 372 4824 1667 4905; baseline 0.002 -21"><span class='ocrx_word' id='word_1_312' title='bbox 372 4824 617 4885; x_wconf 86' lang='lat' dir='ltr'>llutteuianorum</span> <span class='ocrx_word' id='word_1_313' title='bbox 647 4843 771 4903; x_wconf 88' lang='lat' dir='ltr'>operum</span> <span class='ocrx_word' id='word_1_314' title='bbox 801 4824 958 4885; x_wconf 85' lang='lat' dir='ltr'>collectore</span> <span class='ocrx_word' id='word_1_315' title='bbox 986 4835 1015 4888; x_wconf 89' lang='lat' dir='ltr'>et.</span> <span class='ocrx_word' id='word_1_316' title='bbox 1038 4828 1151 4888; x_wconf 86' lang='lat' dir='ltr'>editore</span> <span class='ocrx_word' id='word_1_317' title='bbox 1174 4829 1294 4905; x_wconf 76' lang='lat' dir='ltr'>dignum</span> <span class='ocrx_word' id='word_1_318' title='bbox 1318 4847 1382 4888; x_wconf 88' lang='lat' dir='ltr'>esse</span> <span class='ocrx_word' id='word_1_319' title='bbox 1405 4826 1502 4886; x_wconf 87' lang='lat' dir='ltr'>iudico</span> <span class='ocrx_word' id='word_1_320' title='bbox 1525 4827 1562 4887; x_wconf 89' lang='lat' dir='ltr'>de</span> <span class='ocrx_word' id='word_1_321' title='bbox 1585 4828 1667 4887; x_wconf 90' lang='lat' dir='ltr'>adiu·</span> 
     </span>
    </p>
   </div>
   <div class='ocr_carea' id='block_1_4' title="bbox 0 0 1964 5950">
    <p class='ocr_par' dir='ltr' id='par_1_4' title="bbox 0 0 1964 5950">
     <span class='ocr_line' id='line_1_35' title="bbox 0 0 1964 5950; baseline 0 1"><span class='ocrx_word' id='word_1_322' title='bbox 0 0 1964 5950; x_wconf 95' lang='lat' dir='ltr'> </span> 
     </span>
    </p>
   </div>
  </div>
 </body>
</html>
