3917 5950
366 644 440 720 328
493 658 573 710 CLV.
593 671 676 708 avar.
690 670 727 706 xo
739 669 853 706 ssaorn.
867 668 996 705 xasraxar
1009 667 1096 702 enar.
1110 668 1146 703 nra
1159 667 1207 703 vx.
1219 668 1299 727 cccx.
1313 669 1451 706 cosssav.
1472 660 1534 702 tato.

309 827 313 833 ’
365 834 475 900 lerunt,
506 837 557 891 aut
584 830 771 891 Germaniam
801 828 957 906 quotannis
984 826 1199 904 compilandam
1224 826 1280 888 illis
1301 829 1519 906 permiserunt,
1551 835 1600 888 arat
1626 806 1659 888 ad

356 935 521 1014 ,palliorum
549 931 759 1010 episcopalium
785 931 887 991 Romae
914 936 1092 997 mercatum,
1127 931 1277 990 veniarum
1307 932 1370 999 bic,
1402 933 1660 1008 dispensationum,

297 1039 528 1114 §.regratiarum
552 1042 581 1094 et
602 1035 697 1093 omnis
717 1033 834 1111 generis
855 1030 1003 1091 bullarum
1027 1032 1252 1093 nundinationes
1273 1036 1476 1094 conniverunt.
1524 1034 1600 1106 Quid
1623 1034 1662 1092 di·

368 1158 433 1199 cam
453 1138 490 1197 de
508 1137 559 1197 liis'
572 1138 650 1196 eninr
667 1137 716 1213 qui
735 1134 860 1213 petenda
875 1134 976 1194 name
999 1137 1095 1195 omnia
1117 1136 1310 1213 putaveruntl
1340 1135 1393 1196 luit
1415 1139 1445 1197 in
1469 1139 1504 1197 iis
1523 1156 1582 1197 non
1600 1139 1663 1198 dico

367 1241 554 1318 imperatoria
578 1239 716 1314 dignitas,
744 1238 795 1298 sed
817 1236 870 1297 luit
890 1239 935 1296 aio
958 1237 1124 1297 animorum
1145 1238 1208 1307 ris,
1233 1245 1284 1298 aut
1309 1237 1403 1298 ullum
1429 1239 1483 1301 luit
1508 1236 1676 1302 Germanae‘

299 1345 318 1396 §-
326 1343 356 1388 l⁸·
368 1343 480 1403 virtutis
501 1340 701 1400 momentum?
731 1340 864 1411 Quorum
886 1342 961 1399 sieut
984 1339 1096 1416 pudere
1115 1357 1169 1400 nos
1192 1339 1293 1414 debet,
1318 1342 1355 1401 ita
1378 1359 1414 1400 ex
1433 1341 1575 1402 Henricbi
1591 1343 1659 1411 titt,

366 1444 517 1523 fortissimi
539 1461 573 1501 ac
594 1441 805 1503 bellicosissimi
821 1444 952 1502 omnium
971 1443 1020 1518 qni
1039 1443 1069 1501 in
1085 1441 1241 1502 Germania
1260 1445 1479 1520 imperaverunt
1493 1447 1589 1520 regiS,
1609 1447 1660 1504 rir-

366 1552 428 1606 tute
447 1545 572 1605 multum
594 1544 630 1604 ad
652 1563 838 1605 communem
860 1545 986 1604 nationis
1007 1542 1094 1604 huius
1115 1546 1274 1604 accessisse
1297 1543 1420 1619 gloriam
1442 1546 1659 1613 arbitrabimur,

367 1648 403 1707 ad
429 1649 513 1708 cuius
540 1648 745 1715 imitationem,
773 1647 867 1725 siquid
893 1647 1032 1721 instigare
1062 1633 1198 1705 Cuolxun
1228 1651 1336 1723 potest,
1365 1646 1411 1705 hie
1439 1651 1549 1724 poterit
1575 1648 1659 1708 liber:

369 1751 504 1827 exprimit
523 1748 600 1809 enim
620 1750 706 1809 vitam
727 1748 803 1810 illius
821 1750 982 1809 evidentius
1001 1765 1088 1827 quam
1107 1756 1206 1824 posset
1226 1746 1303 1808 ullus
1324 1749 1420 1824 pictor
1439 1755 1490 1809 aut
1507 1748 1685 1811 statuariosll

300 1848 503 1930 l·¹⁷·corporis
523 1851 707 1912 lineamenta.
748 1851 806 1913 Sed
830 1853 909 1912 hunc
931 1851 1068 1911 dedicare
1096 1849 1134 1910 illi
1160 1852 1252 1910 risum
1275 1867 1333 1908 non
1356 1857 1414 1909 cst:
1445 1858 1514 1910 sunt
1537 1870 1658 1932 panegy-

368 1955 422 2014 rici
442 1954 535 2021 enim,
562 1952 669 2031 quibus
690 1956 827 2031 excipere
852 1956 1016 2013 venientem
1037 1970 1125 2031 paro:
1155 1952 1207 2012 tibi
1230 1951 1348 2019 dedico,
1377 1971 1445 2012 cum
1472 1955 1542 2030 quia
1569 1972 1659 2032 neque

369 2055 506 2116 omnibus
531 2073 628 2132 neque
655 2057 753 2116 multis
779 2056 853 2116 adeo
874 2055 1039 2117 obtundere
1065 2061 1181 2132 oportet
1207 2055 1340 2114 iuvenem
1364 2071 1481 2131 regem,
1513 2061 1576 2115 tum
1597 2059 1659 2135 quia

371 2157 535 2236 plerunque
556 2157 726 2218 adiuturum
745 2165 773 2218 te
793 2157 833 2218 illi
856 2158 893 2218 de
915 2156 1097 2218 restituendo
1115 2155 1170 2216 sibi
1193 2157 1307 2233 imperii
1328 2164 1403 2216 statu
1423 2137 1598 2218 consultanti
1617 2177 1659 2218 ar·

302 2255 320 2305 l·
330 2255 360 2301 ¹⁸·
371 2258 476 2319 bitror.
514 2259 600 2331 Quod
621 2259 721 2329 lacite,
741 2278 810 2328 oro,
834 2278 889 2320 nee
912 2260 1020 2320 diutius
1039 2259 1123 2318 sinite
1145 2258 1345 2318 Romanenses
1366 2260 1521 2336 aurisugas
1543 2258 1659 2321 illudere
1668 2259 1685 2299 ¹³

371 2362 480 2421 nationi
502 2360 583 2421 orbis
606 2364 725 2438 reginae.
770 2362 835 2439 lpse
859 2380 918 2421 uon
941 2362 1031 2421 deero
1053 2358 1173 2420 sedulus
1194 2361 1337 2430 monitor,
1365 2362 1478 2421 etiamsi
1500 2380 1549 2423 me
1569 2370 1659 2423 terru-

287 2498 290 2507 ·
371 2464 427 2522 erit
449 2463 515 2539 quis
536 2469 565 2522 et
585 2464 642 2523 rim
671 2466 796 2524 minatus
817 2464 921 2524 luerit:
956 2481 1044 2541 quarn
1071 2480 1129 2520 uon
1153 2479 1248 2522 essem
1277 2481 1346 2522 rere
1370 2461 1554 2523 Christianus
1579 2466 1659 2533 euim,

372 2565 486 2642 siquem
511 2564 548 2623 ad
576 2567 636 2624 reri
665 2568 791 2642 pastoris
813 2585 916 2633 rocem
942 2563 1043 2625 exilire
1069 2563 1168 2632 decet,
1197 2558 1221 2624 is
1243 2564 1280 2624 ad
1303 2571 1485 2641 praereptum
1516 2565 1590 2626 lnam
1617 2569 1661 2645 qui

372 2682 432 2724 nou
454 2682 509 2740 per
528 2667 661 2736 ianuam,
686 2668 737 2728 sed
761 2668 861 2728 lurtim
883 2672 913 2727 et
934 2666 1115 2726 clandestino
1134 2667 1253 2726 introitu
1274 2664 1348 2725 ovile
1369 2665 1416 2725 dei
1438 2667 1558 2744 irrepit,
1580 2667 1660 2728 ullam

373 2767 402 2826 in
426 2784 539 2826 moram
562 2770 778 2829 consentirem?
805 2770 965 2846 Peregrina
987 2770 1043 2828 erit
1063 2767 1126 2827 hec
1145 2784 1199 2827 vox
1222 2768 1313 2835 enim,
1336 2769 1504 2828 cuiuscuius
1524 2771 1594 2838 erit,
1613 2770 1684 2830 iaraell

373 2869 500 2946 pastoris
521 2868 678 2931 habebitur
705 2872 874 2931 domestica.
917 2887 1086 2948 quanquam
1114 2869 1242 2929 Leonem
1269 2869 1305 2929 X.
1335 2868 1407 2928 nihil
1434 2869 1493 2930 tale
1525 2872 1661 2933 laetorum

375 2971 474 3049 opinio
496 2979 556 3041 est,
586 2972 628 3032 sic
650 2991 752 3051 pacem
774 2976 908 3051 promisit
929 2972 1014 3032 nobis
1035 2980 1064 3033 et
1085 2974 1146 3032 reri
1164 2974 1289 3049 pastoris
1309 2990 1344 3032 ac
1365 2972 1456 3049 ipsius
1478 2971 1586 3034 Christi
1606 2976 1660 3035 imi·

305 3070 514 3134 tutationem
533 3077 696 3151 proposuit.
742 3077 839 3147 Quare
859 3092 919 3134 non
938 3093 1044 3135 vereor
1066 3075 1202 3152 seditiose
1223 3075 1292 3152 quid
1315 3077 1344 3134 in
1365 3073 1489 3134 ecclesia
1512 3083 1563 3135 aut
1582 3095 1662 3153 repu-

373 3174 451 3237 blica
472 3175 633 3237 Cbristiana
664 3185 799 3238 acturum
826 3194 894 3237 eum
922 3194 1026 3254 quem,
1057 3177 1082 3235 si
1104 3182 1271 3236 constanter
1292 3176 1349 3236 hoc
1371 3175 1457 3235 saciet
1474 3194 1531 3236 nec
1554 3196 1571 3237 a
1591 3179 1662 3238 Petri

374 3278 502 3353 vestigiis
528 3277 693 3347 aberrabit,
723 3297 781 3338 nnn
808 3286 918 3338 tantum
941 3296 1001 3337 non
1023 3277 1197 3338 babebimus
1218 3279 1248 3338 in
1271 3297 1373 3338 eorum
1396 3295 1538 3347 numero,
1568 3280 1685 3339 eontra²⁵

376 3396 450 3455 quos
473 3378 521 3438 liic
540 3380 695 3449 scribitur,
727 3381 778 3440 scd
801 3382 950 3458 praecipua
972 3379 1099 3457 quadam
1122 3386 1149 3440 et
1170 3380 1309 3456 singulari
1329 3398 1418 3457 supra
1438 3388 1563 3442 caeteros
1585 3400 1662 3441 reue·

376 3481 489 3539 ratione
511 3480 713 3555 dignabimur,
738 3483 788 3559 qui
809 3490 875 3560 post
894 3488 937 3541 tot
960 3499 1117 3559 perversos
1136 3482 1288 3559 pontifices
1307 3483 1419 3559 primus
1442 3483 1471 3541 iu
1496 3485 1624 3543 veritatis
1641 3489 1662 3542 et

307 3580 491 3641 t·²⁰·iustittae
520 3583 564 3641 ria
592 3585 697 3660 praeire
726 3586 851 3661 posteris
879 3586 1014 3644 inventus
1040 3586 1086 3644 sit..
1131 3583 1188 3643 Tot
1215 3586 1272 3644 iam
1297 3583 1411 3643 saeculis
1436 3601 1510 3643 sano
1537 3586 1662 3661 pontifice

376 3700 451 3759 opus
472 3682 526 3742 luit
543 3684 663 3743 mundo.
706 3684 798 3755 Ouid?
827 3687 906 3764 quod
927 3685 1020 3745 libros
1039 3693 1169 3753 veteres,
1193 3685 1296 3745 ubiubi
1316 3684 1438 3752 lateant,
1463 3688 1619 3763 exquirere
1635 3704 1663 3746 ac

375 3785 405 3844 iu
426 3783 530 3860 vulgus
557 3786 645 3845 edere
671 3803 725 3844 nos
753 3786 846 3847 iubet:
880 3807 916 3848 en
937 3788 1123 3848 adinventum
1151 3785 1190 3847 illi
1218 3789 1321 3862 igitur,
1348 3806 1455 3868 quem,
1485 3789 1511 3846 si
1533 3788 1597 3848 talis
1617 3787 1685 3853 estll

376 3885 484 3946 amabit
503 3888 684 3954 necessario,
707 3874 828 3966 eiusque
850 3891 996 3967 repertori
1017 3888 1123 3949 lavabit
1143 3890 1171 3949 iu
1187 3906 1288 3948 omnes
1304 3896 1441 3957 eventus;
1461 3896 1576 3950 tantum
1591 3890 1664 3949 abest

376 3988 611 4049 execrationibus
638 3997 667 4048 et
695 3989 871 4060 maledictis,
904 3992 1060 4070 quodiam
1086 3991 1228 4067 suspicari
1251 3989 1362 4068 aliquos
1381 3990 1482 4059 rideo,
1513 3990 1590 4053 bene
1611 4010 1662 4051 me·

375 4097 491 4152 rentem
513 4091 550 4151 de
571 4090 690 4169 publico
712 4094 845 4169 impetat:
876 4094 934 4152 iam
954 4110 1013 4151 non
1037 4099 1114 4152 esset
1134 4092 1191 4152 boc
1213 4093 1290 4151 enim
1321 4093 1447 4168 pastoris
1469 4092 1592 4163 Leonis,
1620 4090 1663 4151 sed

375 4194 549 4272 praedatoris
570 4193 646 4271 lupi,
675 4194 818 4254 devorare
840 4195 918 4273 quod
941 4196 1070 4272 oportuit
1090 4211 1226 4271 pascere,
1257 4198 1306 4252 aul
1326 4193 1453 4269 perdere
1476 4195 1557 4271 quod
1577 4200 1662 4255 ensto-

308 4294 440 4356 §.ttdirc
462 4314 583 4356 necesse
607 4302 679 4356 erat.
717 4296 815 4368 Quare
838 4298 924 4357 etiam
947 4297 1066 4371 minimo
1090 4296 1218 4356 laturum
1241 4312 1309 4355 eum
1331 4295 1475 4363 arbitror,
1494 4302 1541 4364 ut,
1564 4297 1588 4355 si
1604 4292 1686 4355 velitil

377 4398 464 4458 etiam
486 4398 622 4468 Carolus,
645 4418 677 4460 ea
699 4400 743 4459 ria
765 4417 878 4477 quaer
898 4398 1041 4477 proximis
1063 4395 1290 4476 imperatoribus
1311 4397 1446 4474 quidam,
1470 4397 1507 4456 ad
1529 4410 1663 4456 summan

376 4515 478 4558 rerum
499 4502 707 4577 capessendam
727 4502 926 4578 ingrediatur:
954 4500 1109 4578 proposuit
1128 4499 1205 4558 enirn
1220 4499 1340 4558 Petrum
1355 4498 1475 4566 imitari,
1500 4516 1588 4576 quem
1604 4492 1662 4575 quid

377 4600 518 4674 potuisset
540 4603 691 4663 turbatum
719 4603 811 4679 magis
839 4602 980 4672 reddere,
1010 4620 1099 4679 quam
1125 4602 1216 4679 siquis
1244 4599 1312 4660 olim
1335 4600 1495 4660 monuisset
1515 4596 1661 4679 aliquando

444 4815 671 4870 ⁶mouumentum
685 4825 744 4871 Μ.
796 4822 951 4892 Henricid.
971 4820 1194 4886 omiseaubiqneb
1259 4816 1315 4853 ’Μ’
1326 4820 1500 4886 panaegyrici
1513 4822 1548 4870 A.
1583 4816 1659 4882 “pls

378 4905 576 4964 rumque2...d.
630 4903 651 4935 ¹⁷
671 4907 805 4955 essem.
860 4906 881 4941 ¹⁸
900 4907 1011 4958 exsilire
1025 4908 1099 4957 2...al.
1153 4889 1463 4969 Oi.10a1'xn.X.l.sqq.
1513 4900 1658 4965 fuerintne

377 4986 523 5051 farinae.
559 4986 579 5019 ¹¹
594 4989 852 5055 Quamquam2...4.
889 4989 978 5058 ²lhic]
993 4992 1045 5043 hoc
1060 4994 1119 5042 Μ.
1157 4990 1352 5042 cetoros2...d.
1388 4984 1655 5040 ³⁶laetatamm3...t·
