3917 5950
379 616 428 689 38
463 632 566 682 XXIII.
579 647 616 682 nx
628 645 719 682 error.
730 644 853 682 connum
866 643 986 681 urrinni
998 643 1036 680 nn
1048 616 1188 683 nonum.
1213 632 1331 683 XXIIII.
1345 648 1380 682 nx
1390 647 1527 684 nivenen
1536 647 1680 683 vnutnvri.

379 806 478 869 nolim.
500 824 600 880 sequar
614 824 671 861 vos.
716 803 781 860 Nam
803 803 928 878 epistole
950 813 1049 860 vestrm
1064 821 1119 860 non
1136 803 1224 862 solum
1240 812 1343 862 teretes
1359 813 1423 862 sunt
1444 815 1527 881 atque
1547 808 1681 869 rotunde,

380 893 428 950 scil
444 893 524 949 ctiam
547 890 621 948 velut
635 889 712 965 asylo
727 890 841 945 concite
856 888 959 947 fulmen
974 889 1100 954 hubent:¹
1117 897 1219 947 etcum
1234 890 1280 946 elii
1301 891 1476 954 admoueant,
1502 910 1551 948 vos
1571 894 1679 965 cogitis.

380 977 492 1040 Amabo,
508 977 573 1032 boni
584 976 653 1037 vviri.
671 975 735 1048 quiri
751 973 851 1058 vultisl
870 975 893 1030 si
908 991 1017 1048 possein
1034 975 1165 1049 prodesse
1181 974 1271 1039 vobis,
1297 983 1402 1050 patrem
1417 994 1535 1050 egerem.
1584 979 1618 1032 nt
1634 979 1679 1050 qui

381 1062 511 1136 possum?
538 1060 687 1135 imploravi,
714 1066 745 1114 ut
770 1067 859 1115 tecum
886 1077 957 1115 nunc
984 1077 1076 1133 agam,
1102 1059 1226 1122 Eobene,
1255 1059 1382 1116 auxilium
1404 1062 1553 1118 lloreliorili

274 1203 298 1222 Ι,
380 1146 561 1203 llertmnunus
576 1145 703 1220 princeps
723 1151 912 1201 sacrosanctus
933 1145 1151 1200 studiosissimus
1166 1152 1254 1201 estut
1270 1145 1438 1220 reipublice,
1461 1146 1496 1201 ita
1513 1148 1598 1203 totius
1620 1146 1680 1202 lite·
1702 1148 1713 1182 ⁵

381 1232 445 1288 rarii
461 1230 579 1291 ordinis,
600 1248 695 1292 verus,
718 1229 783 1285 milii
799 1230 887 1290 crede.
903 1228 1033 1286 lireeenns
1049 1230 1137 1285 aetatis
1152 1238 1270 1294 nostrae;
1285 1231 1395 1308 Crotum
1411 1231 1517 1304 diligit,
1540 1250 1582 1287 mo
1598 1240 1678 1293 aurat,

380 1316 494 1405 dignus,
510 1314 633 1378 Eobeuc,
655 1332 734 1389 quern
750 1314 832 1371 llusae
854 1323 907 1372 ture
924 1314 1023 1371 tollent
1043 1315 1075 1370 eil
1092 1322 1173 1370 astra.
1203 1310 1311 1392 V[o1e].
1342 1315 1451 1372 Eiililius
1467 1317 1578 1372 Martiis.
1595 1317 1646 1372 llll.

906 2071 956 2121 ux
973 2070 1155 2122 urrsronn
1425 2129 1430 2137 ,

657 2173 821 2236 continui
843 2173 998 2234 livrlnttl
1022 2172 1118 2234 uxvi.
1142 2171 1191 2234 AD
1214 2171 1402 2270 vuunnvu.
1467 2196 1499 2273 ·-
1690 2196 1714 2234 io

469 2333 591 2389 Conanti
611 2331 676 2387 milri
692 2331 804 2387 reddite
820 2338 883 2387 sunt
898 2330 1010 2386 llutteni
1026 2337 1054 2386 et
1065 2329 1140 2386 Croti
1154 2329 1250 2386 litere.
1280 2331 1470 2405 (lequeruntur
1488 2339 1517 2387 et
1537 2315 1581 2388 me
1605 2335 1681 2405 qumi

385 2418 526 2494 postulunt
541 2417 681 2473 brevitatis
697 2418 724 2471 in
740 2415 891 2472 scrilienilo.
922 2416 1029 2471 Amoris
1044 2416 1070 2470 iil
1086 2423 1142 2471 est:
1163 2415 1209 2489 qui
1225 2423 1304 2478 amat,
1331 2417 1440 2472 nonnisi
1455 2416 1683 2491 locupletissimos

385 2511 518 2578 expectat.
548 2519 601 2575 ego
615 2518 680 2557 vero
695 2500 840 2556 Laconicas
855 2501 958 2557 scribo:
986 2499 1075 2574 placet
1089 2500 1293 2576 μικρολογεῑν,
1317 2501 1444 2576 displicet
1463 2502 1551 2558 otiose
1567 2501 1682 2557 latitudo

276 2616 284 2631 ·
386 2595 414 2645 et
427 2587 506 2662 copia
521 2604 576 2642 non
592 2585 668 2642 valdo
682 2585 843 2641 necessaria.
874 2586 920 2660 qui
936 2593 1027 2641 mente
1042 2602 1097 2641 nou
1112 2593 1253 2649 coustant,
1280 2586 1373 2642 insana
1395 2586 1475 2643 verba
1496 2604 1527 2643 cr
1543 2604 1604 2642 sese
1619 2604 1683 2661 pro·

386 2678 477 2737 munt;
493 2673 538 2745 qui
551 2671 630 2745 sepit,
647 2687 731 2744 peuce
742 2670 879 2744 loquitur:
902 2671 954 2726 trie
965 2670 1054 2731 verba,
1078 2670 1103 2725 id
1119 2678 1273 2746 estonum:
1290 2679 1347 2728 tres
1362 2679 1468 2728 tentum
1482 2671 1629 2745 collegium
1645 2672 1684 2726 ln·
1695 2687 1718 2726 re

385 2757 474 2819 ciunt,
501 2764 532 2812 ut
554 2756 642 2830 inquit
657 2755 746 2811 lCtus:
780 2755 803 2811 si
818 2763 876 2811 tres
897 2763 987 2830 poetie
1006 2756 1133 2811 sederent
1156 2755 1182 2810 in
1205 2754 1323 2830 collegio
1345 2763 1373 2812 et
1387 2756 1477 2813 Caesor
1490 2755 1685 2814 llnrimilionus

386 2841 504 2905 veniret,
525 2858 581 2897 uon
602 2847 788 2914 assurgerent,
816 2841 852 2896 ita
868 2840 919 2896 sibi
935 2839 1024 2915 placet
1039 2841 1091 2896 lroo
1105 2856 1192 2914 genus
1207 2841 1355 2896 hominum.
1402 2840 1603 2904 intrusorem,
1630 2859 1685 2896 nm·

387 2927 526 3004 piissimus
541 2934 569 2984 et
584 2926 794 2997 florentissimus
808 2927 862 2988 vir,
889 2926 916 2982 in
931 2925 1078 2999 collegium
1092 2933 1234 3001 poetarum
1250 2943 1311 2983 oum
1331 2927 1464 2989 venisset,
1486 2927 1582 2984 Accius
1603 2934 1683 3001 poete

388 3031 443 3070 non
458 3013 621 3074 assurrexit,
641 3030 696 3068 nou
712 3012 861 3068 maiestatis
876 3012 935 3068 cius
951 3012 1104 3074 immemor,
1126 3012 1174 3067 secl
1194 3012 1267 3086 quod
1288 3030 1318 3068 se
1340 3013 1367 3068 in
1387 3013 1497 3069 musicis
1518 3013 1616 3069 studiis
1637 3012 1684 3068 eli·

388 3106 491 3174 quanto
507 3098 676 3173 superiorem
693 3114 753 3154 esse
768 3096 925 3154 confideret.
960 3096 1031 3159 lileo.
1047 3096 1083 3152 mi
1099 3095 1212 3160 Urbane,
1228 3114 1324 3154 vercor
1340 3097 1511 3155 insolentium
1528 3107 1683 3171 poetarum:
1693 3102 1720 3142 ²⁰

388 3201 443 3240 non
459 3184 546 3239 audeo
561 3200 622 3239 cum
637 3183 680 3238 liis
696 3182 812 3256 ingeniis
826 3190 947 3246 certere;
974 3183 1055 3243 coilo,
1082 3181 1192 3237 herbum
1208 3182 1252 3238 (lo.
1293 3182 1340 3237 lrui
1362 3173 1499 3257 quomodo
1521 3182 1685 3239 insultarent

388 3269 461 3330 mihi,
477 3269 499 3324 si
516 3268 596 3324 unico
612 3266 695 3323 verbo
711 3268 878 3324 stomachum
895 3266 961 3341 ipsis
975 3282 1125 3322 moverem:
1141 3283 1204 3321 acor
1218 3274 1246 3322 ct
1260 3266 1403 3323 vehemens
1419 3266 1524 3323 lllricus
1540 3268 1684 3328 lluttonus,

389 3362 417 3409 et
432 3371 545 3426 magnus
561 3360 656 3426 poeta,
673 3354 719 3408 scil
736 3352 812 3414 talis,
829 3361 860 3409 ut
875 3352 1011 3409 levissimo
1026 3351 1099 3407 (licto
1115 3351 1216 3407 irritari
1232 3352 1329 3426 possit.
1365 3352 1480 3408 Pereont
1496 3352 1560 3408 milri
1577 3354 1629 3408 istu
1646 3354 1685 3407 in·

389 3438 477 3511 genie,
493 3456 523 3493 sc
538 3438 603 3493 milri
618 3439 780 3512 preferant:
801 3438 883 3511 cupio
898 3446 927 3493 et
941 3437 1032 3511 patior
1046 3436 1115 3493 rinei
1130 3435 1164 3501 ab
1179 3435 1247 3500 illis;
1263 3453 1400 3511 nunquam
1416 3436 1511 3510 glorie
1526 3437 1627 3494 stuilui.

779 3638 897 3687 XXIIII.
916 3636 1111 3701 MolioniEpp.
1126 3635 1186 3686 citt.
1197 3635 1288 3699 μῖἳδ.
1693 3649 1719 3688 ²5

456 3836 468 3872 ⁴
484 3838 649 3904 Herobordi]
668 3840 825 3906 Margariti.
895 3839 906 3873 ⁵
923 3842 1113 3892 Hartmounue
1127 3840 1265 3891 comoedo
1278 3839 1448 3907 Kirohberg,
1468 3846 1525 3891 tum
1537 3840 1686 3892 I'uldenois

390 3925 488 3976 obbas.
540 3924 552 3956 ⁶
569 3927 721 3976 Mecoenes
738 3926 849 3975 I'entzel.

458 4008 479 4042 ¹⁴
496 4006 584 4076 uiuo]
602 4014 651 4060 vult
669 4009 793 4060 breviter
809 4009 942 4061 scribere.
998 4010 1018 4042 ¹⁶
1041 4006 1133 4075 lCtus]
1152 4010 1283 4059 Neratius
1300 4010 1413 4060 Priscus
1431 4011 1505 4075 opud
1522 4012 1685 4062 Marcellum

389 4096 422 4147 L.
434 4094 477 4145 85.
490 4097 525 4146 D.
537 4095 571 4146 de
584 4093 747 4157 V.S.50‚to.‚
772 4095 851 4145 cuine
867 4101 962 4145 tomen
979 4096 1147 4148 sententiam
1170 4094 1257 4145 bonus
1274 4096 1416 4145 Mutienus
1433 4094 1487 4145 h.l.
1505 4112 1601 4161 porum
1620 4103 1685 4162 apte

390 4185 531 4249 memoret.
584 4179 605 4213 ¹⁸
621 4181 724 4232 Accius
736 4177 830 4247 poeto]
858 4180 907 4244 „Io
920 4179 991 4231 Iulio
1004 4181 1110 4232 Ceesori
1128 4177 1273 4246 [Straboni,
1295 4195 1345 4229 non
1362 4181 1494 4239 dictatori,
1516 4183 1548 4231 cle
1567 4199 1615 4247 quo
1629 4182 1686 4232 Mu-

389 4268 473 4315 tianue
492 4268 623 4331 conuenit,
645 4267 704 4328 †o.
717 4274 776 4316 onte
799 4263 917 4330 omitt]
945 4265 1114 4332 amplissimo
1133 4269 1162 4315 ot
1182 4264 1376 4315 florentissimo
1396 4265 1456 4314 viro
1477 4266 1507 4315 in
1530 4265 1687 4332 conlegium

389 4355 533 4416 poetarum
545 4352 670 4402 venienti
688 4366 835 4417 numquam
853 4351 1022 4413 adsurrexit,
1041 4366 1095 4400 non
1105 4350 1263 4400 maiestatis
1276 4350 1337 4399 eius
1348 4350 1490 4411 inmemor,
1513 4350 1562 4400 sed
1575 4351 1648 4416 quod
1660 4352 1688 4399 in

391 4436 591 4499 conparatione
605 4438 779 4487 conmunium
791 4435 945 4487 studiorum
957 4435 1101 4501 eliquanto
1117 4436 1287 4500 superiorem
1304 4450 1334 4484 se
1353 4449 1415 4484 esso
1433 4433 1597 4497 confideret,
1622 4452 1687 4501 que·

390 4524 503 4583 propter
524 4520 681 4571 insolentiie
700 4523 814 4572 crimine
827 4523 931 4582 conrii,
958 4521 1023 4586 quio
1041 4520 1081 4571 ibi
1093 4519 1272 4581 voluminum,
1290 4533 1346 4569 non
1363 4518 1515 4585 imaginum
1533 4521 1687 4571 certamino

392 4602 621 4653 exercebantur.“
645 4605 738 4656 Veler.
751 4608 824 4657 Mox.
837 4606 888 4656 ΠΙ.
902 4606 931 4668 7,
947 4604 987 4655 ll.

836 4823 1231 4843 ’.ὑ-*-
