3917 5950
342 655 478 710 CLXXX.
498 673 619 710 ananam
633 674 670 709 nn
682 673 764 717 unos.
780 674 857 709 nese.
894 657 1041 710 CLXXXI.
1062 674 1144 710 nvrr.
1159 675 1195 709 nn
1208 674 1337 711 carmon.
1352 677 1395 711 nr.
1409 678 1435 713 n.
1450 669 1511 711 1520.
1566 646 1639 717 365

341 833 515 889 sanctissime
537 841 629 907 pater,
654 835 681 888 in
704 833 1040 907 praesentibus-mandatis
1062 834 1095 901 de
1117 833 1238 888 Lutlrerii
1261 833 1334 889 bulla
1356 834 1516 908 publicanda
1533 836 1558 890 iu
1574 837 1640 891 ‹liur-

342 918 452 974 eesibus
475 918 633 991 linguntma
657 926 684 972 et
706 917 932 991 blagdebnrgensi
961 926 988 973 et
1016 919 1249 989 suffraganeorum
1275 936 1397 974 meorum
1421 921 1638 981 reverendorum,

342 1019 397 1057 non
421 1011 476 1057 tam
498 1002 579 1057 verba
606 1019 686 1076 quam
713 1011 830 1057 mentem
858 1002 1043 1076 perpendens,
1073 1002 1271 1057 conunuuicato
1300 1021 1361 1058 cum
1388 1004 1504 1059 dominis
1533 1005 1638 1064 nunciis

342 1086 460 1141 consilio
484 1094 558 1142 totus
580 1086 707 1142 incumbo
731 1087 763 1142 ad
787 1087 935 1160 parandum
959 1086 1037 1142 nobis
1061 1087 1179 1142 savorem
1202 1085 1364 1142 secularium
1386 1088 1551 1161 principum,
1579 1090 1637 1143 sine

322 1170 444 1243 equinus
473 1161 576 1226 frustra
606 1172 768 1231 niteremur,
800 1180 827 1225 et
857 1171 944 1226 omnis
971 1179 1066 1226 noster
1094 1180 1207 1226 conatus
1239 1172 1263 1225 in
1293 1189 1403 1226 neruum
1431 1173 1524 1227 exiret.
1570 1171 1707 1239 tuideo.
1754 1195 1757 1201 ·

341 1264 432 1310 autem
456 1273 611 1329 speremus,
635 1263 682 1310 ant
705 1274 760 1329 quo
783 1272 909 1311 successu
931 1257 1054 1310 rideatur
1076 1256 1215 1326 negotium
1238 1273 1443 1328 processurum,
1467 1275 1638 1330 prenoscere

341 1348 418 1395 certo
443 1357 498 1394 non
521 1357 647 1413 possum,
671 1341 723 1395 nisi
747 1341 820 1413 quod
842 1340 869 1394 in
894 1359 969 1413 spem
991 1341 1050 1394 reni
1075 1340 1127 1394 irou
1152 1341 1330 1402 mediocrem,
1355 1343 1487 1414 optimum
1504 1359 1637 1414 quemquo

341 1425 428 1479 virum
451 1424 571 1480 deditum
595 1427 656 1480 essu
678 1425 736 1498 paci
759 1432 787 1479 et
804 1424 896 1479 multis
912 1425 990 1479 armis
1006 1424 1117 1479 drmatm
1134 1424 1274 1495 religioni,
1299 1426 1406 1497 quaudo
1423 1426 1490 1481 tales
1508 1426 1638 1480 tumultus

343 1508 370 1562 in
397 1526 541 1564 commune
568 1509 712 1564 discrimen
742 1510 874 1582 arripiant
903 1526 997 1564 ornnes
1026 1509 1168 1582 nequidem
1198 1510 1255 1563 eius
1283 1510 1399 1582 patroni.
1445 1513 1544 1583 Aperta
1568 1511 1708 1564 oninium

308 1579 464 1648 ¹tleirestra
488 1593 679 1649 inobedientiae
702 1600 730 1648 et
752 1593 860 1648 sublato
882 1611 897 1647 e
921 1594 1008 1648 medio
1032 1593 1178 1665 impietatis
1201 1602 1289 1654 metu,
1314 1612 1374 1667 quae
1397 1612 1487 1649 rerum
1510 1595 1639 1650 detorrui-

343 1685 397 1737 tas.
422 1695 483 1750 quae
506 1676 614 1733 licentia
639 1677 785 1733 malorum!
821 1678 908 1745 Quare
931 1678 1061 1732 sanctitas
1084 1685 1187 1737 restra,
1212 1677 1367 1733 beatissime
1390 1684 1482 1751 pater,
1506 1679 1532 1733 id
1547 1679 1580 1734 de
1598 1697 1638 1733 ure

341 1769 467 1841 expectet
489 1763 563 1835 quod
584 1763 617 1817 de
640 1762 886 1835 obsequentissima
900 1770 1096 1817 sua'creatura.
1140 1762 1283 1818 Postremo
1300 1763 1386 1817 babeo
1402 1764 1516 1835 gratiam
1533 1772 1708 1836 semperlas.

342 1847 500 1908 maximam,
530 1848 603 1920 quod
625 1856 713 1901 restra
744 1846 873 1901 sanctitas
896 1846 1039 1901 Valentino
1062 1846 1209 1902 Tetelebeu
1231 1855 1339 1902 centum
1362 1849 1474 1904 ducatos
1503 1849 1639 1903 remiserit

343 1929 395 1985 mei
418 1948 499 1987 causa
523 1931 549 1985 iu
573 1932 685 2004 negotio
708 1931 887 1986 coadiutorio.
932 1934 997 1986 uum
1021 1931 1063 1985 lris
1086 1930 1171 1985 valeat
1193 1931 1239 1986 diu
1269 1930 1412 1987 incolumis
1435 1932 1574 1988 beatitudo
1599 1951 1641 1987 ve·

308 2020 415 2076 ¹⁸stra.
440 2016 520 2070 cuius
542 2016 657 2089 pedibus
680 2015 845 2071 beatissimis
867 2015 1017 2071 humillime
1040 2033 1081 2071 rue
1104 2016 1271 2071 commendo.

363 2650 570 2719 [sussurrant]
886 2635 1098 2711 CLXXXI.
1236 2652 1373 2720 [exarare
1393 2660 1489 2707 rrrao‘?
1508 2654 1544 2721 e]
1566 2666 1624 2707 tota.

660 2822 740 2882 VLR.
764 2821 963 2884 llVTTENl'S
986 2826 1017 2883 V.
1042 2825 1216 2885 CAPtTONl
1239 2825 1317 2885 SAL.

429 2959 531 3037 Nuper
558 2958 665 3019 obnixe
694 2959 868 3037 deprecatus
896 2980 961 3020 sum
991 2959 1158 3039 exemplum
1187 2955 1331 3039 pontilicis
1358 2959 1508 3021 literarum
1531 2962 1568 3022 ad
1591 2962 1695 3032 Abeo

343 3060 485 3123 berthum
513 3069 545 3121 ut
564 3079 695 3122 'curares
722 3061 803 3122 milri.
848 3061 928 3121 ldem
956 3081 1035 3122 nune
1065 3081 1182 3140 quoque
1210 3082 1262 3122 oro
1293 3069 1434 3141 quantum
1462 3080 1581 3140 possum
1611 3072 1643 3123 ut

311 3164 447 3226 salaciae.
492 3162 646 3223 Tilmanuo
670 3162 709 3221 ibi
731 3172 829 3231 utere;
864 3164 888 3221 is
910 3170 938 3224 te
961 3164 1070 3224 iurabit
1092 3171 1179 3242 atque
1202 3165 1299 3223 omma
1323 3163 1426 3223 molire
1449 3171 1481 3222 ut
1502 3162 1641 3223 habeam:

318 3342 320 3345 y
344 3264 415 3324 nibil
444 3283 528 3344 aeque
552 3264 608 3323 lroc
635 3270 768 3341 tempore
797 3265 868 3323 milri
893 3268 1043 3343 quaeritur.
1088 3267 1138 3326 llis
1161 3264 1243 3326 lectis
1266 3266 1408 3345 ocyssime
1431 3264 1642 3325 Carbacchium

344 3367 470 3436 accersi,
498 3374 528 3426 et
548 3384 636 3426 mone
659 3367 753 3444 siquid
777 3366 883 3427 lrabeat
905 3367 1168 3436 aFraneolurdio,
1192 3377 1224 3428 ut
1240 3369 1341 3427 urittat.
1387 3366 1522 3427 Fratrem
1544 3386 1642 3427 mcum

344 3469 475 3528 invenies
497 3468 575 3544 apud
599 3468 804 3534 Franciscum;
840 3470 864 3527 ei
888 3469 951 3528 dari
974 3478 1091 3547 oportet
1113 3489 1178 3548 qrrm
1200 3469 1327 3529 scribitis
1355 3477 1405 3528 aut
1433 3488 1497 3547 quae
1520 3470 1640 3529 mittitis.

345 3568 472 3629 Scribite
494 3587 559 3647 quae
582 3569 735 3629 bominum
757 3588 855 3629 sermo
878 3571 914 3630 de
937 3580 1072 3648 poemate
1095 3573 1283 3640 Germanico,
1307 3571 1387 3648 quod
1410 3573 1542 3648 asperius
1565 3570 1697 3638 arbi-§.n

308 3678 462 3733 astrantur
485 3688 574 3748 quam
596 3690 644 3730 me
667 3672 777 3731 deceat.
812 3670 880 3730 Vale
903 3679 932 3730 et
953 3691 1018 3732 rem
1041 3691 1243 3751 communem,
1266 3674 1308 3733 sic
1331 3679 1375 3731 est
1397 3674 1489 3740 enim,
1513 3672 1643 3732 studiose

347 3792 427 3835 cura.
473 3772 582 3835 multos
610 3772 701 3832 habes
729 3774 792 3831 istic
822 3791 947 3850 quorum
976 3783 1061 3851 putes
1090 3776 1131 3834 nti
1160 3792 1265 3853 opera:
1298 3774 1518 3843 Brassiearmm,
1542 3776 1641 3844 siest,

345 3895 381 3935 cx
409 3894 458 3935 me
486 3873 588 3934 saluta.
634 3874 680 3933 lle
704 3875 911 3934 excarnificant
942 3876 1055 3934 crebrae
1083 3878 1145 3935 istae
1173 3885 1202 3937 et
1229 3878 1313 3940 toties
1342 3878 1453 3936 iterate
1481 3875 1517 3935 ab
1541 3877 1696 3946 amieises,

345 3977 573 4054 eripectationes¹
620 3968 735 4036 utinam
753 3976 850 4035 statim
873 3996 889 4035 a
913 3978 1056 4055 principio
1079 3997 1167 4038 ausus
1190 3998 1284 4039 essem
1307 3997 1373 4038 meo
1396 3976 1516 4037 consilio
1538 3996 1641 4055 agere:

918 4141 1082 4158 1---

345 4212 494 4263 CLXXXI.
525 4212 665 4262 .4=Ms.
679 4211 806 4261 biblioth.
822 4214 955 4262 antistitii
968 4214 1055 4264 Basil.
1069 4214 1127 4277 sol,
1154 4216 1182 4263 in
1200 4217 1278 4264 cuius
1297 4215 1377 4264 dorso
1397 4219 1454 4263 est:
1480 4227 1572 4262 ramae
1598 4227 1644 4260 sc-

347 4315 427 4349 enas.
450 4312 607 4348 assumus.
628 4312 692 4345 rora.
709 4313 727 4345 1.
748 4312 914 4347 monacnum
934 4313 1083 4348 eurinome
1103 4314 1228 4347 semem.
1250 4299 1296 4348 iol.
1319 4296 1389 4345 tlte.
1451 4298 1518 4344 2:
1536 4294 1643 4359 illibridp

738 4382 808 4443 (lud.
823 4381 891 4431 bibl.
906 4399 932 4431 n.
946 4382 1000 4445 85.)
1024 4380 1059 4435 Θ.
1073 4381 1131 4431 628.
1151 4398 1177 4431 n.
1192 4398 1255 4433 viu.

410 4536 680 4617 'Mag'deburgonse
700 4553 724 4601 1.
779 4550 799 4583 ¹²
816 4549 933 4617 semper]
953 4566 1008 4615 apr.
1029 4554 1084 4602 1.2.

413 4636 435 4669 ¹⁷
452 4637 579 4685 Hntenns
597 4638 624 4686 2.
673 4636 728 4670 ’Μ’
747 4635 926 4687 Albrecbtum
945 4640 971 4689 2.
1019 4634 1042 4670 ¹⁰
1059 4633 1215 4702 Tilmnnno]
1229 4636 1357 4700 Kreyeh?
1407 4634 1430 4667 ¹³
1450 4641 1571 4701 autquae
1584 4636 1645 4686 mit-

344 4724 406 4773 titis
424 4724 495 4772 omis.
517 4724 542 4772 2.
594 4719 616 4753 ²⁴
634 4722 668 4772 de
681 4725 737 4788 ipse
749 4723 824 4771 Hutt.
843 4725 973 4781 currerit,
992 4725 1136 4785 scripserat
1155 4737 1187 4770 ex
1223 4723 1262 4770 De
1279 4726 1395 4785 poemate
1413 4719 1487 4787 Klag
1506 4721 1574 4770 iiber
1591 4721 1645 4770 den

343 4807 530 4857 Luterischen
542 4807 636 4856 Brond
654 4812 839 4872 interpretatus
857 4813 896 4857 est
913 4808 937 4857 b.
957 4810 973 4857 1.
993 4806 1158 4861 deduceres:
1176 4809 1255 4871 mepta
1272 4822 1328 4856 esse
1346 4808 1446 4855 videtur
1462 4813 1489 4855 nt
1501 4805 1574 4871 Clag
1592 4806 1646 4855 und

343 4905 516 4956 rotmanung
534 4899 581 4941 etc.
601 4894 735 4941 indicetur.
788 4891 810 4923 ²⁸
828 4894 1042 4942 Brossmannum
1060 4896 1086 4941 2.
1112 4892 1360 4956 Wirtenberpensem
1377 4893 1509 4942 Ioannem
1528 4891 1645 4950 Alexan,-

342 4976 421 5027 dmm
439 4974 615 5042 Koblburger
632 4979 861 5042 Arpentoratensis
878 4979 1073 5028 Harundinetus
1089 4992 1163 5027 nosse
1181 4977 1297 5027 debebat.
