3917 5950
338 659 411 732 354
448 670 569 723 cnx1x.
588 684 712 723 avrusar
726 681 943 719 assentimur.
964 663 1070 718 CLXX.
1085 681 1169 718 narr.
1179 681 1216 717 aa
1229 661 1387 718 riinsrann.
1401 680 1445 716 se.
1460 679 1487 716 a.
1501 679 1556 717 rvr.
1569 673 1618 717 lata

338 958 574 1026 Q
867 920 1099 998 CLXVIIH.
1433 947 1621 1017 QQ

788 1111 970 1191 [uanrrnvs
995 1107 1185 1188 cvmianvs]

642 1216 703 1259 SVO
727 1218 760 1257 ln
784 1216 911 1256 DOMINO
941 1213 1138 1256 CHARISSIMO
1164 1213 1330 1255 MAGISTRO

787 1296 951 1347 uuonulo
980 1295 1185 1346 SPALATINO

501 1386 681 1429 nvcnurrsvs
705 1386 725 1425 n
750 1385 863 1427 saenis
886 1386 927 1425 nr
950 1385 1079 1426 mansus
1103 1383 1327 1427 rursusnnrno
1356 1382 1470 1425 anteo.
1625 1378 1634 1416 ⁵

925 1503 1050 1545 IHESVS.

423 1609 501 1667 Mitto
524 1609 631 1670 literas,
666 1626 701 1662 mr
731 1605 884 1680 spalatino,
918 1607 951 1662 ad
982 1606 1142 1667 llnttonum,
1177 1605 1319 1679 Siceingen
1348 1613 1376 1661 ot
1406 1605 1619 1661 laubenheimura

340 1703 473 1750 nostrum.
520 1695 559 1749 tui
583 1708 675 1766 rqrraeso
698 1693 734 1773 sit
757 1689 838 1748 olhcii
863 1697 998 1765 oportune
1022 1710 1067 1747 eas
1090 1708 1198 1752 curare,
1222 1691 1375 1764 praesertim
1399 1698 1430 1745 ul
1453 1689 1618 1745 Taubenheim

340 1798 403 1835 suas
426 1780 517 1834 statim
539 1778 653 1840 habeam
681 1775 774 1832 distuli
798 1777 869 1832 enim
892 1777 951 1849 lpse
972 1776 1075 1831 dirrlius
1098 1794 1178 1849 quam
1201 1775 1274 1831 lorte
1302 1782 1460 1849 speraverat
1463 1816 1618 1829 ........

342 1907 467 1918 ......
491 1863 633 1937 Responde
656 1870 684 1917 ot
705 1860 773 1917 vale.
811 1861 1031 1934 Wittembergae,
1055 1861 1150 1934 quinta
1172 1867 1354 1934 pentecostes.
1385 1860 1464 1915 Anno
1486 1859 1601 1915 liudi.
1626 1880 1642 1918 a

1166 1945 1296 2001 Martinus
1318 1945 1455 2001 liutherus
1479 1946 1585 2018 August.

341 2097 505 2146 CLXVIIII.
538 2095 726 2145 l=Lnthcri
745 2110 807 2160 epp.
827 2093 898 2157 (Iud.
912 2093 979 2143 bibl.
993 2093 1116 2157 n.57.1.)
1135 2094 1158 2143 1.
1178 2092 1298 2143 101267.
1372 2093 1515 2143 2=iuid.
1528 2093 1585 2142 nl.
1601 2092 1618 2140 Ι.

443 2197 469 2244 p.
482 2179 541 2229 nal.
555 2197 581 2229 n.
594 2179 653 2230 230.
690 2179 856 2229 Germanice
875 2180 903 2227 in
922 2180 1034 2228 Laidem
1051 2177 1182 2242 Schriften
1198 2195 1246 2229 voa
1270 2178 1368 2228 Walch.
1388 2177 1463 2226 XXI.
1475 2177 1533 2226 uua.
1669 2196 1672 2201 ·

354 2670 517 2706 nocearis.
909 2636 1063 2713 CLXX.
1244 2650 1376 2718 [inavara
1390 2651 1541 2719 n.1va.]a.
1557 2661 1608 2701 rau.

481 2807 679 2868 Hvuruuvs
702 2806 773 2867 SVO
795 2808 970 2869 PHILIPPO
993 2758 1292 2871 FVRSTPNPERGK
1315 2808 1498 2869 saturnu.
1630 2829 1646 2867 a

429 2944 502 3016 Quia
527 2946 648 3024 promisi
675 2945 800 3007 vicissim
827 2944 895 3014 tibi,
929 2963 1020 3024 opera
1047 2945 1190 3025 siquando
1218 2964 1282 3007 mea
1310 2946 1353 3006 uti
1380 2943 1466 3015 velie,
1501 2943 1563 3004 lore
1586 2959 1626 3003 me

344 3049 396 3109 tibi
419 3048 536 3107 obvium
560 3048 724 3124 expositum
747 3065 782 3107 aa
804 3054 991 3125 promptum,
1014 3049 1122 3109 iccirco
1137 3066 1287 3126 uunquam
1303 3066 1407 3109 vereor
1422 3064 1543 3125 operam
1559 3052 1626 3105 tuan

345 3151 472 3229 exigere.
519 3149 554 3208 Et
576 3166 655 3209 neruo
677 3148 795 3227 quidem
818 3148 1020 3209 huiuscemodi
1041 3156 1070 3210 to
1093 3169 1171 3211 curm
1194 3149 1321 3210 involvo:
1351 3168 1426 3230 opus
1454 3148 1525 3208 mihi
1552 3144 1627 3206 rebe

344 3259 459 3311 rnentcr
481 3250 583 3311 estad
607 3267 640 3310 ea
663 3268 728 3330 quae
750 3268 829 3311 nunc
851 3269 940 3329 paro,
969 3252 1074 3312 Aeneae
1104 3250 1206 3330 Sylvii,
1235 3252 1284 3329 qui
1306 3250 1384 3330 Papa
1409 3250 1491 3318 Pius,
1521 3250 1628 3326 Europa

181 3334 187 3349 ⁸
290 3393 300 3423 s
345 3361 433 3432 atquo
455 3354 537 3412 lisia:
566 3353 595 3411 in
618 3351 717 3412 Galliis
740 3353 874 3430 impressi
897 3358 965 3412 sunt
988 3351 1094 3421 libelli,
1118 3360 1205 3431 atque
1228 3351 1283 3411 alio
1306 3351 1406 3420 titulo,
1431 3353 1557 3412 sirecte
1575 3367 1653 3410 mea

344 3456 429 3524 mini,
459 3455 564 3514 Aeneae
587 3452 674 3533 Sylvii
697 3454 925 3532 cosmographia
953 3454 1170 3514 inscribuntur:
1200 3462 1341 3531 praeterea
1369 3452 1469 3514 libello
1492 3450 1631 3514 hlirlraelis

345 3556 432 3625 llicii,
466 3574 553 3636 quem
586 3556 622 3615 dc
651 3555 782 3632 Regibus
810 3555 1023 3633 Hispanorum,
1057 3553 1237 3624 Siculorum,
1272 3556 1446 3615 llunnorum
1478 3561 1533 3615 etc,
1569 3571 1630 3614 rou·

344 3658 469 3735 scripsit.
516 3656 575 3716 Oro
607 3664 635 3717 te
657 3676 726 3717 mox
749 3656 938 3735 bibliopolam
969 3656 1031 3726 adi,
1066 3675 1145 3726 eme,
1180 3657 1280 3736 quami
1302 3658 1403 3736 quanti
1424 3658 1571 3724 venerint,
1602 3672 1630 3714 aa

345 3843 452 3892 CLXX.
482 3842 604 3892 Primum
622 3842 668 3891 hie
685 3843 778 3893 'editur
797 3859 829 3892 ex
849 3843 1009 3909 apographo
1028 3843 1099 3907 quod
1118 3846 1161 3892 est
1173 3844 1203 3893 in
1213 3842 1291 3894 Mss.
1304 3843 1545 3894 Burekhardianis
1557 3840 1629 3892 Guel-

344 3927 447 3990 ierbyt.
477 3936 697 3990 „consecranei
720 3945 755 3977 ns
779 3943 846 3978 arra
868 3943 903 3978 sc
928 3943 1054 3978 scurrrrs
1084 3943 1182 3979 vuarcr
1209 3928 1353 3980 nvrrnn1“
1383 3926 1493 3979 f01.4u.
1524 3928 1570 3977 ubi
1591 3925 1630 3991 qui

344 4012 535 4076 transcripsit,
563 4011 629 4061 huie
648 4013 771 4077 epistola·
789 4014 987 4077 sequentique,
1012 4013 1086 4062 infra
1110 4011 1163 4077 (31.
1176 4014 1260 4063 Mart.
1275 4012 1361 4076 1522.)
1388 4013 1548 4078 repetendae
1570 4026 1629 4077 prae

300 4114 307 4124 ¹
344 4098 466 4146 notavit:
486 4095 596 4158 „Ulrici
615 4097 650 4145 ab
669 4098 774 4146 Hutton
793 4098 903 4161 Equitio
922 4098 958 4147 a'd
975 4097 1134 4163 Philippum
1152 4098 1355 4163 Fiirstenberg,
1374 4098 1527 4147 Patritinm
1545 4113 1577 4146 ae
1589 4095 1629 4143 Se·

344 4187 470 4232 natorem
482 4182 760 4244 Francoiurtonsem‚
776 4199 809 4231 ox
822 4184 890 4247 ipsis
903 4183 1021 4232 Hntteni
1034 4182 1217 4248 autographis
1230 4184 1247 4232 d
1259 4183 1392 4234 Goneros.
1407 4181 1629 4247 Glanburgioruu

830 4267 951 4316 Familia
976 4269 1155 4319 asservatis.”

413 4403 424 4436 ⁷
442 4401 563 4469 litteras]
583 4422 641 4470 qum
659 4420 744 4454 onaaea
762 4420 812 4452 nora
831 4410 931 4452 retunt.

412 4488 433 4520 ¹⁹
452 4489 554 4539 Aonooe
574 4489 661 4552 Sylvii
679 4488 875 4538 Bartholommi
893 4487 1078 4556 Piecolqmini
1097 4488 1228 4539 Senensis
1252 4487 1320 4551 (nat.
1336 4486 1420 4548 1405„
1442 4502 1523 4553 papie
1540 4487 1584 4536 Pii
1599 4483 1629 4535 11.

347 4570 421 4621 llas.
457 4574 476 4634 †
505 4573 591 4636 llos.)
618 4573 712 4637 Opera
745 4572 865 4622 collecta
890 4573 1012 4623 Basileoe
1042 4589 1075 4622 ex
1098 4572 1213 4622 officina
1240 4573 1459 4637 Henriepetrina
1492 4569 1530 4633 (a.
1555 4567 1630 4624 1571.)

346 4656 394 4704 fol.
416 4656 491 4704 edita
510 4663 587 4718 sunt,
612 4658 707 4722 ibique
725 4658 821 4707 Asiam
839 4662 965 4706 tractans
986 4658 1204 4722 cosmographia
1223 4657 1268 4708 vel
1291 4657 1410 4707 historia
1433 4671 1524 4705 rorum
1541 4656 1630 4719 ubique

345 4744 485 4801 gestarum
514 4741 688 4805 locorumque
717 4743 867 4807 descriptio
894 4760 919 4807 p.
939 4741 1096 4804 281...386.,
1130 4744 1241 4807 Europa
1270 4758 1295 4806 p.
1314 4739 1455 4790 aunan.
1477 4741 1630 4791 continetur.

345 4820 367 4851 ²²
386 4822 427 4868 De
446 4821 498 4871 hoe
516 4824 597 4873 Ricio
616 4827 814 4890 Neapolitano,
835 4827 991 4891 professore
1010 4827 1185 4892 publicisque
1206 4827 1365 4876 muneribus
1389 4826 1564 4890 gravioribus
1584 4822 1630 4889 pri·

345 4919 417 4953 mum
436 4906 463 4953 in
481 4909 574 4970 patria
597 4924 660 4973 sua,
689 4903 840 4961 deinde'in
860 4910 961 4961 Galliis
979 4913 1089 4976 functo,
1119 4913 1235 4977 eiusque
1258 4911 1372 4977 scriptis
1395 4910 1529 4961 nonnulla
1550 4925 1575 4959 v.
1593 4923 1630 4971 sp·

345 4987 453 5037 Idcher.
472 5004 497 5039 v.
518 4992 608 5042 llitiua.
