3917 5950
401 608 471 678 l'l‘2
520 622 644 672 LXXlX.
665 636 766 671 sesiam
779 635 816 671 rr>
829 635 941 671 rumor..
956 637 1000 671 sr.
1019 621 1128 671 LXXX.
1143 637 1255 672 errores.
1268 637 1305 672 nr>
1317 638 1397 673 narr.
1412 637 1515 674 sessa.
1529 639 1572 673 arr.

396 795 526 871 pocrisim
549 796 605 850 nati
629 794 797 867 educatique.
842 791 943 860 Quodsi
965 800 1080 849 eonatus
1101 810 1196 850 eorum
1226 796 1404 858 successerit,
1440 796 1464 851 id
1495 797 1569 870 qnod
1598 799 1692 871 superi

397 881 572 955 prohibeant.
606 879 708 934 videhis
732 896 785 952 qrni
814 878 850 932 sit
876 896 988 934 evasura
1016 878 1105 934 rabies
1133 877 1336 934 sceleratorum.
1390 880 1419 935 ln
1450 880 1519 937 hane
1548 900 1605 936 rem
1633 883 1691 937 seio

396 966 554 1022 coniurasse
578 964 722 1037 rprrrasdam,
747 980 841 1017 ornnes
865 963 994 1035 insignite
1016 963 1178 1026 sceleratos,
1202 981 1318 1036 quorum
1334 966 1442 1020 nomina
1459 965 1549 1027 hreni,
1574 975 1604 1021 ut
1620 967 1692 1021 arhi-

397 1058 472 1112 tror,
495 1056 643 1122 cognoscet
666 1056 693 1102 et
715 1047 896 1103 detestabitur
918 1048 1043 1102 mumlns.
1091 1047 1145 1102 llos
1174 1055 1304 1121 tyrannos
1331 1051 1477 1105 retundere
1506 1052 1595 1123 magis
1623 1060 1692 1124 puto

397 1152 457 1190 esse
485 1152 500 1189 e
528 1151 558 1188 re
587 1133 745 1188 Christianae
772 1132 928 1205 religionis,
963 1149 1043 1206 quam
1070 1131 1217 1205 prodigere
1246 1133 1345 1189 Tureas
1372 1135 1543 1191 tureissimos
1573 1144 1622 1190 aut
1648 1135 1715 1190 hiso

396 1219 476 1274 etiarn
499 1201 689 1273 sceleratiores
713 1217 824 1272 lnrlaeos
868 1217 991 1272 lleruiror
1013 1216 1151 1272 lenitatem
1174 1216 1291 1277 Erasmi,
1326 1219 1397 1292 quod
1426 1236 1476 1275 suo
1500 1219 1565 1275 stilo
1589 1219 1693 1275 lelieis-

395 1303 464 1359 simo
487 1321 542 1359 nou
566 1303 658 1358 saeviat
681 1302 707 1357 in
730 1311 812 1365 istos:
839 1302 886 1356 sed
908 1300 954 1356 ille
978 1311 1008 1357 nt
1033 1309 1074 1356 cst
1096 1319 1164 1375 puro
1187 1302 1368 1364 Christianus,
1398 1303 1529 1360 ahlrorret
1557 1304 1593 1359 ah
1616 1306 1692 1359 omni

395 1388 522 1449 dissidio,
545 1396 573 1442 et
597 1387 704 1442 iuterim
728 1387 824 1442 studiis
847 1404 909 1442 rere
932 1384 1017 1441 saeris
1040 1403 1101 1441 sese
1123 1387 1293 1446 consolatur.
1317 1405 1443 1443 reversus
1458 1389 1491 1445 ad
1506 1389 1692 1462 paraphrases

396 1472 423 1527 in
445 1472 571 1534 Paulum,
595 1488 662 1545 quas
684 1471 733 1527 hae
757 1471 851 1544 hyeme
874 1470 1004 1544 perficiet.
1041 1477 1069 1525 et
1095 1479 1124 1525 nt
1154 1470 1199 1525 ille
1228 1472 1253 1525 iu
1280 1489 1309 1527 re
1339 1473 1446 1545 quidem
1475 1475 1578 1547 optima
1610 1491 1691 1529 saecu

394 1565 475 1631 patus
498 1564 554 1620 est,
589 1557 625 1611 ita
648 1573 703 1611 uon
725 1556 851 1611 convenit
879 1554 947 1610 alios
975 1555 1127 1613 studiorum
1154 1572 1261 1610 eausam
1289 1556 1425 1613 deserere.
1470 1558 1510 1612 lle
1537 1558 1591 1613 hiis
1620 1559 1690 1612 satis
1703 1572 1726 1612 ro

396 1641 540 1704 hactenns:
568 1642 698 1714 proximis
728 1640 781 1696 tuis
804 1640 891 1695 literis
922 1640 1049 1714 respondi
1079 1639 1265 1712 superioribus
1293 1642 1429 1696 nundinis.
1480 1642 1526 1697 llic
1557 1643 1690 1715 quoniam

395 1734 423 1783 et
444 1735 545 1801 preter
568 1744 644 1798 spem
665 1735 692 1781 et
715 1734 806 1783 certus
829 1724 937 1779 oldams
960 1732 1003 1779 est
1025 1724 1151 1785 numius,
1180 1724 1255 1780 nolrri
1279 1732 1306 1780 te
1328 1726 1434 1781 neseire
1463 1727 1526 1801 quid
1550 1727 1595 1782 hie
1624 1745 1691 1800 age·

394 1819 485 1874 retur,
508 1819 535 1865 et
557 1809 660 1884 placuit
683 1811 851 1866 stomachum
875 1826 961 1863 meum
986 1809 1055 1881 apud
1079 1816 1105 1863 te
1122 1809 1268 1864 ellnndere.
1306 1809 1416 1865 llutteni
1431 1819 1570 1884 postrema
1589 1812 1689 1867 lotura

393 1896 462 1951 mire
485 1895 618 1969 probatur
639 1894 727 1951 <luetis
751 1893 890 1948 omnihus:
914 1894 1016 1948 utinam
1040 1892 1086 1947 ille
1109 1893 1178 1948 vivat
1201 1893 1272 1948 ultra
1286 1893 1409 1950 Nestoris
1432 1912 1532 1952 annos:
1557 1896 1595 1950 ita
1618 1914 1691 1951 sem-

394 1998 444 2054 per
471 1980 553 2035 vineit
576 1997 605 2035 se
633 1980 721 2053 ipsum
751 1978 813 2034 ielis
843 1978 907 2033 illrrd
937 1985 964 2032 et
994 1977 1146 2033 lmeuudmn
1176 1978 1314 2051 ingenium
1343 2020 1503 2034 ......
1537 1979 1586 2035 llic
1609 1979 1725 2036 locusta

394 2072 422 2120 ct
445 2072 502 2120 tota
526 2066 582 2120 iere
606 2064 746 2119 lirahantia
770 2063 836 2118 satis
860 2070 916 2118 tuta
940 2069 982 2117 est
1004 2079 1019 2117 a
1042 2071 1133 2134 pes1e;
1166 2064 1213 2118 sed
1235 2062 1388 2119 laboramus
1411 2063 1462 2119 alia
1485 2074 1563 2138 peste
1587 2082 1691 2120 noeen-

395 2150 465 2205 tiore
488 2167 567 2222 quam
591 2150 626 2204 sit
657 2151 707 2204 ista
736 2147 862 2220 vulgaris.
908 2146 970 2201 Vale
1001 2147 1111 2219 optime.
1161 2147 1269 2202 Loranii
1296 2149 1366 2222 apml
1390 2148 1577 2223 sycophantas
1601 2149 1632 2204 il.
1658 2149 1688 2203 h'.

393 2241 421 2290 et
444 2234 561 2289 Fratres.
607 2235 646 2289 Tu
668 2251 768 2308 perge,
791 2232 972 2288 eruditissime
995 2230 1096 2302 Zingli,
1119 2249 1216 2305 purum
1232 2233 1367 2288 Christum
1392 2241 1500 2289 tuorum
1519 2233 1689 2309 populorum

393 2319 489 2374 animis
513 2319 642 2374 inserere.
688 2321 765 2374 huno
787 2316 948 2372 lllhlll'lll.
971 2315 1063 2370 llense
1085 2314 1180 2389 Aprili.

411 2629 631 2697 [sosinosiros]
954 2613 1114 2688 LXXX.
1547 2631 1668 2697 litters]
1696 2637 1723 2676 ²⁰

1531 2701 1687 2711 u·—

469 2788 657 2845 BlLlllhhllVS
678 2786 918 2844 eluentittfflnvs
939 2787 1112 2845 BhPTlSTAE
1134 2787 1276 2845 Eudamo
1298 2788 1352 2843 1¹10
1374 2787 1504 2845 tudere
1527 2790 1553 2845 S.
1577 2791 1607 2844 u.

476 2925 619 2981 Audieram
643 2924 694 2981 iarn
717 2924 835 2999 pridem,
859 2922 954 2997 Egnati
972 2925 1158 2988 ornatissime,
1183 2932 1209 2981 te
1224 2925 1311 2980 sirum
1326 2940 1387 2981 esse
1403 2923 1503 2980 honum
1520 2935 1548 2981 et
1563 2927 1690 3000 apprime

391 3012 541 3074 erudimur;
578 3028 649 3066 nunc
675 3027 740 3066 vero
768 3010 886 3082 acceptis
916 3010 970 3064 [nis
999 3009 1086 3065 literis
1116 3010 1195 3066 etiam
1224 3028 1327 3065 summa
1349 3010 1515 3065 humanitate
1538 3012 1688 3084 praeditum
1699 3021 1725 3061 25

391 3096 530 3169 intelligo,
564 3112 618 3150 nou
642 3095 703 3149 ideo
727 3094 788 3167 qnia
813 3102 853 3149 tot
877 3093 969 3149 laudes
992 3094 1057 3149 mihi
1080 3093 1222 3155 attribuis,
1257 3111 1337 3168 quas,
1371 3094 1477 3149 etiamsi
1506 3095 1689 3169 impudentis-

391 3182 475 3236 simus
498 3198 599 3239 essem.
628 3179 737 3235 minime
760 3195 950 3251 agnoscerem
982 3178 1029 3234 sed
1053 3179 1115 3252 quia
1138 3187 1266 3252 nepotem
1294 3196 1382 3234 rneum
1405 3174 1459 3234 tam
1483 3178 1602 3252 henigne
1625 3199 1688 3235 sus-

389 3266 501 3339 cepisti.
525 3274 552 3321 et
575 3265 640 3320 mihi
665 3264 770 3337 ipsique
794 3263 830 3317 nil
854 3264 887 3319 de
910 3270 937 3317 te
959 3263 1057 3318 merito
1081 3280 1190 3337 operam
1214 3272 1287 3319 tuam
1310 3271 1364 3318 tam
1386 3271 1481 3336 parate
1504 3264 1597 3319 ollers.
1636 3282 1689 3322 uec

390 3350 457 3405 satis
480 3350 505 3404 id
529 3356 602 3409 erat.
626 3349 678 3403 nisi
701 3366 744 3403 me
766 3346 876 3402 Erasmo
900 3356 997 3402 nostro
1021 3355 1048 3403 et
1071 3347 1184 3421 reliquis
1206 3349 1294 3404 doctis
1315 3364 1501 3421 comparasses
1517 3349 1688 3412 hominibus,

389 3451 403 3488 a
429 3451 544 3506 quornm
568 3433 721 3488 eruditione
745 3440 799 3487 tam
822 3431 904 3504 longe
927 3431 1036 3494 ahsum,
1072 3449 1151 3506 quam
1175 3432 1214 3487 illi
1236 3450 1251 3487 a
1273 3449 1316 3488 me
1338 3450 1455 3505 corpore
1478 3440 1543 3488 sunt
1570 3436 1724 3490 remoti:ao

389 3517 473 3572 distat
496 3534 559 3572 vero
583 3536 597 3572 a
620 3535 661 3573 me
684 3518 777 3571 Zasius
799 3517 939 3573 duodecim
963 3517 1067 3572 dierum
1098 3517 1208 3578 itinere:
1238 3517 1350 3573 totidem
1378 3516 1529 3580 llntteuus;
1556 3517 1688 3576 Erasmus

390 3608 480 3657 autem
503 3602 607 3673 viginti.
656 3601 721 3657 Vide
749 3619 820 3657 nunc
847 3619 927 3674 quam
950 3618 1037 3674 prope
1065 3602 1098 3656 ad
1127 3600 1234 3656 illorum
1263 3603 1385 3658 accedam
1413 3602 1574 3657 doctrinam.
1622 3605 1688 3676 quid

389 3686 461 3741 eninr
485 3693 616 3758 praestare
640 3703 762 3758 possem,
792 3687 873 3741 homo
897 3687 932 3740 ita
957 3686 1072 3758 puhlicis
1096 3685 1211 3741 obrutus
1233 3686 1367 3760 negotiis,
1396 3687 1491 3741 utrix
1514 3695 1597 3744 necte
1620 3689 1688 3744 mihi

391 3770 532 3844 quiescere
554 3771 652 3825 detur?
686 3770 738 3825 Sed
767 3770 876 3825 soluisti
907 3771 959 3825 hoe
989 3777 1067 3843 praeto
1097 3770 1262 3842 singularem
1292 3778 1365 3827 tuam
1393 3771 1539 3828 ostendere
1562 3772 1689 3828 hnmani·

392 3861 488 3918 tatem,
512 3863 543 3910 ut
564 3855 645 3911 etiam
668 3873 735 3928 erga
757 3872 804 3909 eos
828 3872 897 3928 qnos
920 3872 1056 3928 nunquam
1078 3855 1183 3950 vidisti,
1207 3873 1282 3911 esses
1297 3855 1435 3913 ollieiosus
1458 3898 1687 3913 ........
1697 3867 1724 3909 as

620 4035 729 4085 Lxxx.
759 4035 962 4085 Pirelrheimeri
981 4036 1051 4101 Opp.
1072 4035 1141 4096 (lnd.
1155 4036 1223 4085 bihl.
1236 4036 1274 4085 11⁰.
1285 4035 1339 4099 59.)
1357 4034 1450 4101 paul.

457 4172 689 4239 ⁵profligarem.
724 4171 870 4220 ⁹hiemei.
903 4172 1060 4224 ¹⁰lris2...l.
1093 4172 1113 4205 ¹³
1122 4170 1687 4238 postr.loet.]Dc(lonstnutinidonatione

390 4258 469 4308 liber.
525 4255 546 4289 ¹¹
564 4258 690 4308 Nestoris
710 4255 804 4321 annos]
824 4259 884 4307 Non
896 4259 1085 4324 praesagiebat
1097 4258 1169 4307 bono
1181 4258 1291 4307 Neseno
1309 4258 1430 4318 enimus,
1449 4257 1605 4307 Huttenum
1624 4265 1689 4324 pest

388 4358 470 4392 rrnrrm
488 4342 603 4392 lustrum
622 4344 703 4393 morti
716 4343 867 4407 proximum
881 4343 953 4404 fore,
974 4359 1058 4408 seque
1072 4343 1161 4407 ipsum
1173 4358 1228 4391 non
1241 4342 1281 4390 ita
1293 4341 1376 4407 longe
1389 4346 1451 4408 posi
1463 4339 1542 4390 Albis
1555 4342 1687 4393 fluetibus

388 4426 529 4476 subrutum
550 4428 592 4476 iri.
630 4427 650 4459 ¹⁵
668 4428 851 4477 seermdumd.
889 4425 909 4458 ¹⁷
927 4426 1014 4492 M.N.]
1036 4428 1185 4492 Magistros
1203 4430 1320 4475 nostros.
1367 4424 1389 4457 ¹⁸
1406 4425 1557 4491 Zninglid.
1595 4428 1686 4478 ΖΜ.

454 4509 476 4542 ²⁷
494 4510 631 4576 nepotem]
650 4512 703 4562 Ee
715 4512 776 4561 urbe
794 4514 873 4562 llonru
891 4515 936 4558 111.
955 4514 997 4561 dic
1010 4510 1064 4562 Oet.
1086 4528 1111 4560 α.
1128 4509 1202 4560 1517.
1223 4511 1351 4560 Cocldeuna
1369 4511 1405 4559 ad
1417 4509 1520 4560 Pirelrh:
1539 4514 1685 4576 scripserat

389 4591 479 4653 „Sunt
497 4593 540 4642 illi
559 4592 684 4661 [nepotes
703 4592 754 4660 tui]
773 4611 846 4646 nune
864 4596 996 4660 Neapoli,
1024 4612 1099 4657 mox,
1127 4602 1157 4644 ut
1175 4610 1255 4659 spero
1273 4595 1425 4658 reversuri,
1453 4600 1484 4644 ut
1502 4595 1569 4644 hine
1588 4596 1617 4645 in
1634 4613 1683 4662 pe·

388 4677 471 4725 triam
490 4677 636 4727 confestim
660 4680 790 4728 ebrant”.
826 4681 860 4742 cs.
881 4682 1023 4730 [lcumena.
1046 4683 1150 4729 Deciana.
1174 4683 1273 4729 literne.
1300 4676 1382 4742 pmii).
1468 4676 1491 4711 ³¹
1516 4679 1553 4730 ad
1574 4696 1619 4729 me
1641 4684 1683 4730 eri.

389 4741 635 4832 Zesipw'l'rlhngi
661 4763 688 4810 in
707 4764 849 4828 ltringoia,
881 4766 1021 4815 Huttenus
1038 4765 1202 4829 hloguntire,
1233 4765 1365 4813 Erasmus
1383 4762 1545 4829 Antverpiae
1563 4770 1614 4815 eut
1631 4766 1683 4815 Lo·

388 4839 469 4938 rutupi
484 4843 543 4894 tun
560 4841 691 4912 elugebat.
