3917 5950
422 643 494 699 cm.
513 660 659 699 aurursus
672 659 786 698 erarius
800 658 942 697 osannam
956 659 978 696 s.
1002 650 1256 697 epicoenomena.
1271 660 1297 697 c.
1310 658 1390 698 aree.
1411 652 1469 695 rste.
1522 627 1589 701 241

301 818 442 897 Augustae
464 817 519 880 luit
539 823 639 878 mute
661 817 807 895 superiori
834 817 1000 894 principum
1030 835 1064 876 ae
1091 804 1191 894 populi
1218 817 1355 877 Germani
1384 817 1515 886 comitio,
1545 817 1597 877 sed

302 925 332 980 et
353 919 473 996 seriptis
495 918 624 979 habitam
648 918 738 979 edere
760 917 979 995 proposuissem
1003 936 1038 977 eo
1062 919 1254 978 confidentius
1277 918 1355 996 quod
1382 918 1521 996 putabam
1550 937 1597 977 me

302 1028 421 1100 gratum
443 1020 501 1081 boc
523 1020 677 1081 Geunauis
699 1018 835 1079 omnibus
857 1019 968 1087 iacere,
1001 1020 1103 1097 utqui
1126 1021 1155 1079 in
1179 1037 1334 1079 commune
1362 1019 1545 1080 consulerem
1569 1028 1597 1079 et

302 1138 367 1182 rem
390 1122 509 1182 iuterim
532 1119 612 1181 nullo
634 1120 753 1198 quidem
775 1137 846 1179 sano
870 1118 1006 1187 consilio,
1036 1139 1137 1180 rernm
1160 1126 1210 1179 aut
1232 1119 1436 1180 imbecillitatis
1458 1122 1525 1180 ritio
1548 1129 1609 1181 arn·

302 1221 441 1284 adulandi
464 1221 561 1282 stnclio
582 1221 725 1282 hactenns
747 1223 881 1281 eritatam
903 1222 1017 1299 primns
1039 1228 1068 1280 et
1089 1221 1268 1298 aggrederer
1290 1229 1318 1280 et
1340 1240 1530 1300 usurparem,
1554 1222 1596 1282 id-

301 1342 360 1403 que
383 1333 411 1384 et
434 1331 602 1402 opportuno
622 1330 758 1401 tempore
781 1329 809 1381 ot
831 1322 907 1382 bona
930 1331 972 1406 ut¹
985 1341 1114 1402 unquam
1137 1324 1291 1382 occasione
1313 1324 1375 1383 lieri
1398 1331 1468 1384 tune
1488 1331 1595 1400 posset,

300 1431 493 1499 emerunt
514 1443 562 1484 me
584 1443 619 1485 ex
642 1423 743 1484 amieis
765 1423 900 1502 qnidam,
931 1423 1047 1484 solliciti
1069 1423 1108 1482 illi
1132 1424 1168 1483 de
1190 1423 1282 1484 salute
1310 1425 1443 1502 proiecto
1471 1443 1535 1485 mea
1559 1433 1596 1491 ct,

301 1532 334 1586 ut
356 1525 441 1586 multi
463 1525 607 1604 putabant
628 1543 693 1585 esse
714 1531 866 1602 tempora,
894 1523 974 1585 utilia
997 1525 1170 1593 suadentes,
1198 1526 1248 1603 qni
1270 1525 1459 1585 veliementer
1481 1526 1517 1585 ab
1541 1526 1597 1586 troc

301 1628 435 1689 instituto
457 1624 659 1693 deterrebant,
693 1620 761 1686 tore
780 1632 929 1703 protentos,
963 1633 997 1686 ut
1024 1628 1090 1704 qnia
1120 1627 1219 1685 insunt
1241 1626 1374 1703 cumdum
1391 1626 1521 1686 'orationi
1543 1627 1597 1703 ipsi

301 1727 332 1787 iu
353 1716 463 1789 statum
481 1727 648 1788 Romanum
670 1725 808 1787 liberiora
831 1746 919 1806 quam
942 1726 1037 1787 malus
1058 1726 1162 1805 aliquis
1183 1728 1313 1804 pontifex
1336 1729 1415 1788 terre
1437 1728 1540 1804 possit,
1564 1735 1596 1787 ut

300 1827 375 1889 mibi
396 1827 561 1906 periculum
582 1827 652 1889 inde
673 1834 723 1887 aut
746 1836 858 1888 certum
881 1829 968 1887 etiam
991 1827 1099 1888 malum
1122 1830 1282 1905 prureniat.
1327 1829 1429 1898 Parni,
1459 1836 1492 1888 ut
1514 1837 1615 1896 tunel
1630 1841 1651 1885 ἱ).

300 1926 421 1990 illorum
450 1929 655 1999 admonitioni,
689 1928 828 2006 precibus
861 1929 947 1988 ctiam
981 1929 1235 1998 contendentium,
1272 1930 1381 2008 quique
1414 1937 1477 1989 erat
1509 1931 1598 1990 animi

300 2030 442 2091 ardorem
469 2031 591 2092 restinxi
618 2049 653 2092 ae
679 2031 811 2108 meipso
834 2031 974 2090 continui.
1020 2028 1245 2108 (iunctumque
1267 2031 1338 2099 leci,
1361 2031 1399 2089 ita
1422 2022 1501 2090 baud
1523 2030 1597 2090 mul·

300 2137 366 2193 tum
388 2131 439 2192 diu
462 2131 560 2192 lacere
581 2130 673 2210 potui.
717 2137 750 2192 nt
779 2133 908 2209 cogitare
935 2131 1013 2191 enim
1042 2133 1117 2208 coepi
1140 2139 1248 2210 quanto
1271 2111 1422 2191 honestius
1446 2133 1484 2191 sit
1505 2150 1597 2210 quan·

294 2240 487 2312 *tumeunque
510 2251 641 2311 praesens
664 2231 741 2292 ultro
764 2233 845 2293 adire
867 2232 1039 2299 discrimen,
1069 2239 1101 2291 nt
1125 2234 1227 2310 patriae
1257 2234 1366 2310 prosis,
1396 2251 1485 2312 qnam
1512 2233 1597 2294 saluti

300 2336 430 2413 propriae
453 2332 624 2402 consulere,
658 2333 728 2393 dnm
755 2333 832 2393 lianc
860 2332 978 2410 publico
1008 2333 1162 2393 commodo
1191 2339 1220 2392 et
1241 2335 1368 2393 unanimo
1390 2336 1418 2393 in
1442 2353 1475 2394 re
1497 2353 1597 2396 neces-

301 2435 571 2497 montumano
603 2435 736 2503 fraudes,
770 2434 890 2494 excitari
917 2434 979 2510 ipse
1008 2451 1055 2493 me
1083 2452 1117 2493 ac
1144 2435 1327 2504 confirmari,
1362 2435 1407 2494 nis
1434 2437 1596 2513 praesertim

302 2535 447 2597 consiliis:
481 2539 610 2615 primum
638 2553 765 2615 namque
793 2535 830 2594 ad
852 2534 1017 2613 periculum
1039 2536 1118 2612 ‹piod
1150 2535 1327 2612 pertinebat,
1362 2537 1545 2611 confidebam
1568 2538 1656 2596 idco

301 2635 389 2715 plane
411 2636 526 2711 nullum
548 2656 629 2705 esse,
663 2655 731 2697 eum
759 2637 837 2715 qnod
866 2654 899 2696 ea
928 2637 1004 2697 iusta
1033 2643 1077 2697 est
1105 2624 1319 2697 et'neeessaria
1349 2656 1383 2696 ac
1404 2639 1524 2699 minime
1546 2657 1596 2717 pe·

301 2736 399 2799 tulens
421 2739 569 2800 censenda
591 2755 648 2818 qua
671 2737 710 2798 ibi
733 2746 800 2798 utor
821 2737 955 2807 libertas,
979 2745 1042 2797 tum
1065 2738 1143 2815 qnod
1166 2740 1275 2816 optima
1298 2739 1367 2798 mibi
1389 2746 1418 2799 et
1433 2740 1595 2818 aequissima

301 2857 420 2918 semper
442 2841 540 2901 omnia
568 2840 606 2899 de
627 2839 726 2917 Leope
747 2839 782 2899 ll.
805 2841 947 2916 persuasi.
992 2857 1080 2918 quem
1107 2846 1222 2900 tantum
1250 2840 1333 2900 abest
1360 2846 1392 2899 nt
1420 2841 1449 2899 in
1478 2841 1534 2900 liae
1562 2855 1650 2904 retr.

302 2949 448 3012 metuam,
478 2948 511 3003 ut
538 2943 625 3003 etiam
652 2940 800 3002 Laurentii
822 2939 910 3001 Valle
937 2940 1077 3001 advorsus
1105 2944 1273 3002 ementitam
1296 2940 1476 3001 Constantini
1506 2943 1594 3002 dorm·

302 3045 412 3105 tionem
434 3042 565 3105 libellum
589 3045 618 3103 iu
640 3043 736 3104 lucem
760 3044 882 3112 iterum,
910 3043 1082 3121 praelatione
1110 3044 1146 3103 ad
1175 3044 1270 3121 ipsum
1293 3044 1369 3102 laeta
1392 3043 1480 3104 edere
1502 3063 1598 3122 nuper

302 3163 391 3207 aursus
405 3148 483 3212 sim,
517 3163 584 3205 eum
607 3143 679 3205 nibil
701 3152 815 3205 tantum
837 3162 901 3205 esse
924 3145 1037 3204 rideam
1064 3143 1088 3202 si
1115 3145 1173 3204 hoc
1202 3145 1316 3213 lecero,
1350 3163 1403 3204 cnr
1431 3145 1502 3204 milri
1531 3165 1596 3206 sue·

293 3227 545 3308 ¹censeat'bonns
570 3246 720 3314 l‘ontilex,
754 3246 809 3306 snb
837 3264 896 3325 quo
924 3245 967 3306 rel
996 3246 1034 3305 ob
1063 3245 1091 3304 id
1120 3246 1245 3306 maxime
1272 3244 1398 3306 liberum
1428 3264 1492 3305 esse
1521 3246 1601 3312 licet,-

303 3348 382 3428 quod
414 3347 470 3408 sibi
497 3349 560 3427 ipse
589 3348 646 3408 boc
675 3366 730 3426 per
750 3331 863 3408 ltaliam
892 3348 964 3425 erigi
994 3365 1097 3425 passus
1128 3355 1172 3407 est
1197 3346 1317 3424 plenum
1341 3366 1417 3407 rerae
1440 3367 1474 3407 ac
1496 3346 1597 3408 solido

303 3447 396 3512 laudis
412 3449 576 3527 troplreum
598 3469 699 3532 neom
720 3468 844 3512 nuorno
868 3468 1120 3510 nesrnrunrom
1142 3467 1244 3509 enom.
1260 3447 1399 3518 Quande
1416 3449 1504 3508 tutior
1521 3451 1597 3509 enirn
1611 3457 1656 3507 §.s

302 3567 336 3612 eo
358 3552 421 3611 vira
443 3552 536 3630 magis
557 3550 678 3612 libertas
700 3570 788 3630 quam
811 3568 879 3610 cnm
901 3569 957 3611 una
981 3550 1118 3612 omnibus
1140 3568 1196 3628 pax
1220 3550 1281 3609 est?
1304 3556 1333 3608 at
1354 3549 1403 3610 ille
1427 3569 1463 3610 ex
1485 3550 1597 3611 bellicis

301 3650 364 3714 lnlii
387 3653 516 3714 Secundi
542 3651 714 3713 tumultibus
743 3670 847 3730 pacem
872 3652 995 3719 inuexit:
1024 3659 1105 3713 certe
1134 3653 1221 3731 igitur
1255 3660 1284 3713 et
1313 3660 1476 3713 emortuom
1504 3671 1599 3730 imper

293 3746 497 3832 pessimorum
530 3753 642 3815 scelere
677 3754 847 3831 pontificum
876 3751 1040 3814 libertatem
1068 3754 1222 3831 produxit:
1255 3756 1404 3833 cqriomndo
1437 3756 1513 3815 enim
1549 3763 1596 3814 aut

303 3854 400 3916 dirimi
423 3857 477 3914 ista
500 3872 533 3915 ac
556 3856 669 3933 selimgi
691 3862 824 3933 possent,
848 3862 897 3915 aut
912 3854 959 3916 ille
975 3855 1032 3915 boo
1047 3856 1179 3933 iugenio,
1204 3857 1259 3916 liae
1282 3858 1444 3918 eruditione.
1460 3856 1599 3934 preditus

302 3955 446 4035 dirempta
475 3975 507 4016 ea
536 3975 570 4016 ae
599 3957 728 4016 seiuncta
758 3955 861 4017 rellet‘t
894 3956 1005 4016 lteindc
1033 3956 1115 4035 siqua
1145 3959 1231 4018 etiarn
1260 3960 1411 4037 ingrueret
1438 3956 1595 4024 solennitas,
1608 3966 1652 4015 §.t-

302 4063 397 4118 tutum
421 4075 469 4118 me
491 4057 555 4118 lore
570 4059 668 4135 putari
683 4063 801 4135 sp'erato
816 4065 845 4116 et
859 4056 929 4117 nibil
946 4065 1057 4118 temere
1073 4067 1216 4137 eoiutepto
1232 4051 1447 4120 (terruanornm
1463 4076 1597 4117 nmmum

302 4158 454 4237 prosette,
489 4165 590 4237 utpote
618 4177 745 4237 quornm
774 4160 890 4218 nomine
919 4158 996 4218 lianc
1017 4160 1088 4219 milri
1111 4162 1250 4220 accersiri
1272 4161 1350 4221 ultro
1380 4158 1597 4226 difficultatenm

302 4260 375 4320 odeo
397 4267 432 4322 nt
453 4262 509 4320 iam
533 4259 611 4340 lrand
634 4260 855 4320 contemnendis
877 4262 1058 4338 argumentis
1080 4264 1274 4338 prospiciam,
1308 4262 1398 4340 siquis
1421 4262 1460 4319 sit
1484 4261 1533 4337 qui
1560 4260 1597 4318 ita

302 4359 368 4422 velit
390 4363 549 4422 extinctam
572 4362 788 4422 Germanorum
812 4361 991 4431 libertatern,
1014 4370 1171 4422 utcontra
1194 4360 1304 4421 unllam
1321 4363 1436 4439 penitus
1451 4361 1596 4424 iniuriam.

301 4460 410 4524 nullam
433 4461 640 4523 currtnmeliam
663 4462 709 4524 rel
737 4461 899 4524 reclamare
931 4462 1017 4523 nobis
1045 4461 1146 4530 licent,
1181 4465 1206 4523 ei
1235 4463 1405 4528 ridendum,
1441 4462 1597 4539 nequando

302 4561 347 4624 illa
370 4565 413 4624 sie
435 4565 594 4625 constricta
616 4583 650 4625 ae
672 4583 755 4643 paene
778 4565 917 4626 suffocata
937 4580 1008 4624 'enm
1032 4565 1159 4623 maximo
1187 4571 1309 4641 repente
1338 4565 1424 4624 liuius
1453 4565 1599 4623 servitutis

302 4663 460 4727 autberum
482 4666 671 4726 incommodo
693 4685 727 4727 ac
750 4667 926 4728 detrimento
949 4672 1099 4743 crumpat,
1134 4684 1169 4725 ac
1197 4685 1228 4725 sc
1257 4666 1310 4725 sibi
1334 4666 1459 4726 adserat.
1505 4665 1598 4735 tinam
1614 4676 1659 4726 tr.

293 4767 452 4845 rquidem,¹
473 4773 507 4827 ut
529 4767 691 4844 purdeuter
713 4768 777 4829 lure
798 4770 992 4837 aestimemus,
1027 4776 1054 4827 et
1088 4766 1239 4828 consilium
1270 4769 1324 4846 ipsi
1352 4787 1469 4847 quoqne
1497 4769 1601 4829 deuius

335 4967 574 5021 '’restrinxi2.3.
610 4985 690 5037 argere
702 4973 737 5023 A.
778 4967 978 5023 ”oronites
1015 4969 1168 5023 “uultum
1204 4970 1359 5039 ttpoeneA,
1395 4972 1597 5025 ³⁹autorum-t.

357 5070 492 5124 Ηπτιιι
511 5070 580 5125 Ore.
598 5086 663 5125 vor..
682 5073 705 5125 1.
1341 5059 1379 5118 lb'
