3917 5950
417 609 487 680 112
586 624 709 676 XXXVI.
738 632 758 677 1.
770 639 906 675 errsroca
918 639 956 675 an
969 638 1181 703 uanumreuvrr
1193 640 1259 674 curs.
1273 639 1378 676 aruum
1395 640 1530 677 sacrrcu.

1203 706 1212 725 .

569 792 613 855 Dii
635 793 739 856 melius
760 813 850 873 qaram
870 801 903 856 tu
924 794 1065 873 desperes
1084 795 1139 857 ista
1161 795 1274 865 iuvarc;

502 916 539 956 mo
638 898 686 957 Sic
708 897 814 968 cecidi,
836 904 870 958 ut
892 898 1000 975 possim
1023 915 1145 975 surgere
1166 895 1247 975 lapsa
1268 904 1412 966 tamens-

565 998 683 1058 Graode
705 999 822 1077 quidem
846 997 965 1069 vulnus,
988 999 1040 1060 sed
1062 999 1159 1060 adhuc
1181 998 1352 1060 medicabile
1374 1006 1508 1061 plastrum
1531 1007 1586 1067 est,

636 1099 697 1161 Nec
717 1100 789 1161 levis
811 1109 869 1171 est,
893 1120 948 1162 uec
970 1101 1067 1162 adhuc
1088 1100 1172 1180 plaga
1196 1109 1313 1162 recusat
1334 1120 1430 1179 opem.

566 1202 611 1262 lle
632 1203 687 1261 nisi
709 1210 740 1262 tu
763 1203 904 1274 redimas,
927 1205 1033 1263 uisite
1055 1202 1130 1263 duce
1150 1202 1244 1263 libera
1266 1209 1384 1267 restem.

401 1290 408 1305 ’
502 1323 540 1363 200
639 1304 696 1364 'lot
717 1306 834 1365 venient
855 1324 940 1384 reges
962 1306 1012 1384 qui
1034 1303 1118 1366 lacile
1139 1303 1210 1365 illud
1233 1312 1336 1383 agent:

567 1406 609 1468 Ne
631 1407 745 1473 sinete
766 1408 855 1476 rioci,
879 1426 931 1477 ue,
954 1427 1019 1487 (puae
1041 1413 1091 1467 tua
1113 1407 1232 1486 propria
1254 1404 1318 1467 latis
1340 1414 1392 1476 est,

636 1508 718 1569 llam
739 1507 867 1589 aliquem
888 1508 983 1570 media
1005 1510 1192 1587 praeripuisse
1215 1527 1307 1570 mora.

564 1610 624 1671 Nec
645 1611 698 1670 tibi
719 1611 874 1672 Trinacrio
895 1596 1053 1673 satiandos
1074 1609 1171 1671 littore
1193 1610 1300 1670 lluctus

497 1731 534 1770 aoa
634 1713 780 1791 Propouo·
794 1721 845 1773 aut
866 1713 970 1773 dubias
992 1713 1104 1774 liudere
1126 1712 1219 1773 classe
1239 1713 1313 1774 vias:

566 1814 602 1874 Ut
623 1815 694 1874 mibi
716 1834 763 1876 me
785 1816 905 1885 reddas
930 1823 964 1876 ut
986 1823 1014 1876 te
1036 1817 1066 1875 iu
1090 1823 1137 1875 tua
1159 1816 1223 1875 iura
1246 1815 1386 1875 reducas:

635 1916 719 1986 Quod
742 1918 847 1987 iacies,
870 1925 919 1978 tua
936 1936 996 2002 per
1018 1935 1109 1995 regua
1131 1916 1245 1978 tenebis
1267 1919 1338 1985 iter;

564 2016 665 2078 Omuis
687 2018 724 2078 ab
747 2022 878 2097 apposita
901 2020 953 2080 tibi
975 2039 1007 2080 se
1029 2038 1134 2080 rnarrus
1155 2018 1252 2081 adiicit
1273 2018 1355 2097 Alpe,

500 2139 538 2178 aas
637 2120 776 2182 Maiorem
798 2123 856 2182 vim
878 2141 937 2201 quo
958 2121 1074 2200 lougius
1095 2121 1151 2181 ibis
1173 2121 1277 2189 babes:
1348 2161 1354 2172 -

565 2221 624 2282 Nee
646 2230 759 2283 tautum
782 2224 916 2284 aalrersae·
932 2226 1067 2284 miuueut
1088 2230 1136 2283 tua
1159 2222 1267 2290 roboua
1289 2239 1404 2300 pugnae,

637 2323 784 2394 Quantum
806 2326 883 2386 acies
905 2326 1010 2387 subitis
1032 2333 1146 2387 crescet
1167 2324 1204 2385 ab
1220 2323 1348 2385 auxiliis:

564 2427 619 2495 oui
641 2425 767 2487 Venetas
788 2427 891 2504 lugere
912 2446 1033 2498 urenae,
1056 2446 1131 2506 queas
1153 2425 1244 2488 Gallia
1266 2427 1343 2495 vicit,

499 2548 537 2587 212
636 2529 673 2588 Et
694 2548 781 2608 grave
803 2529 990 2591 'l'buseorum
1011 2531 1060 2609 qui
1083 2548 1209 2592 renuere
1228 2530 1340 2607 iugum,

564 2630 601 2691 let
621 2631 689 2691 fidei
711 2640 823 2692 serrata
846 2638 903 2692 tuae
925 2651 991 2711 quae
1012 2650 1046 2692 se
1066 2635 1182 2711 agmina
1203 2630 1335 2692 uorrdum

635 2733 732 2793 llostis
754 2735 783 2796 io
805 2734 942 2795 adversas
965 2734 1133 2812 explicuere
1153 2752 1267 2799 manus.

563 2835 625 2904 Qua
648 2855 707 2895 uou
730 2854 794 2897 esse
816 2844 916 2914 plutas,
939 2836 1091 2898 elluudeut
1111 2854 1143 2897 se
1165 2854 1248 2897 arma
1268 2835 1391 2915 uimque,

496 2958 534 2999 aa
634 2938 768 3000 Excutiet
788 2938 916 3001 latebras
937 2939 980 3001 ira
1003 2938 1116 3018 sepulta
1137 2956 1215 3009 suas,

564 3041 614 3111 Ut,
638 3043 663 3102 si
684 3042 763 3103 uallo
785 3050 851 3105 tuos
873 3043 1030 3104 Germania
1052 3041 1174 3103 roboret
1195 3059 1292 3110 ausus,

634 3144 703 3204 llaec
725 3153 822 3204 tamen
843 3146 973 3210 lusorio
994 3144 1086 3205 milite
1107 3142 1183 3205 bella
1205 3161 1305 3222 geras:

563 3246 665 3306 Omnis
687 3246 723 3306 ab
747 3246 882 3307 exulibus
903 3249 1020 3327 gravior
1042 3246 1180 3317 vindicta,
1200 3245 1324 3324 *aregabis

497 3369 536 3406 aaa
633 3348 724 3409 irasci
746 3348 861 3410 Venetis
883 3358 912 3411 te
933 3349 1064 3428 potuisse
1086 3349 1194 3427 magis;

562 3435 687 3528 Asperat
708 3452 834 3531 ollerrsas
855 3451 934 3513 illata
949 3453 1061 3513 'iniuria
1083 3457 1206 3521 meotes,

633 3553 746 3631 Cogitat
767 3553 868 3614 ulcisci
889 3556 1022 3633 quisquis
1043 3552 1150 3614 acerba
1172 3551 1250 3621 tulit;

479 3694 485 3704 ·
563 3655 662 3715 laude
683 3662 733 3714 tua
756 3656 845 3716 iacies
866 3655 961 3716 alieno
984 3654 1061 3717 bella
1083 3654 1211 3733 periclo:

495 3775 534 3840 aaa
634 3756 709 3825 Quid
732 3756 848 3817 dubitas
869 3760 969 3835 spacio
992 3759 1143 3836 corripere
1164 3775 1247 3818 arma
1267 3756 1365 3818 breril

562 3858 598 3919 Ut
620 3866 732 3919 taceam
755 3867 896 3938 quasdam
920 3869 964 3920 est
985 3858 1060 3922 lucri
1083 3862 1242 3921 certamine
1263 3859 1301 3921 ab
1323 3859 1382 3929 illo,

632 3959 705 4022 Tam
727 3960 807 4022 claro
830 3969 948 4039 poteras
969 3961 1062 4023 blarte
1084 3981 1189 4023 rovere
1211 3963 1295 4023 mori.

478 4047 519 4110 θ
560 4062 602 4123 Te
624 4064 779 4142 quisquam
801 4063 949 4125 imbellem
971 4066 1086 4143 quoties
1108 4064 1145 4125 de
1166 4063 1253 4142 plebe
1276 4064 1405 4135 vocabat,

492 4187 530 4227 eas
629 4164 673 4227 Nc
695 4166 830 4227 caderem
853 4174 940 4244 rupto
961 4153 1097 4246 pectore,
1120 4184 1190 4228 eura
1213 4166 1280 4236 tute

559 4267 648 4330 blulta
670 4257 788 4348 quoque
811 4266 950 4339 ulciscor,
973 4288 1039 4348 (puae
1060 4276 1093 4330 tu
1115 4270 1238 4330 convitia
1260 4271 1365 4340 nescis,
1401 4324 1411 4346 ,
1495 4309 1498 4313 -

631 4371 668 4432 Et
689 4372 804 4450 quoties
826 4390 880 4450 pro
902 4378 931 4432 te
954 4372 1025 4449 quid
1046 4371 1127 4441 licet,
1150 4389 1232 4432 arma
1254 4390 1343 4451 gero:

559 4475 618 4536 Sed
641 4475 699 4534 ruit
720 4475 750 4534 iu
771 4474 902 4534 modicas
924 4474 1046 4535 adversa
1068 4475 1195 4552 potentia
1217 4475 1304 4544 vires,

493 4594 532 4635 aas
631 4578 789 4656 Saepeque,
813 4596 880 4639 eum
903 4575 1009 4646 nolim,
1033 4563 1076 4636 est
1097 4576 1141 4635 ira
1162 4577 1324 4654 premenda
1346 4577 1430 4637 mibi:

398 4820 401 4826 ·
475 4794 507 4828 ¹⁸³
525 4796 617 4847 iuuari
630 4799 684 4846 102.
766 4796 798 4830 ¹⁹⁸
815 4814 924 4863 possem
937 4802 990 4850 ts.
1069 4796 1101 4831 ¹⁸⁸
1118 4798 1178 4848 Iam
1196 4800 1339 4851 crisim.
1413 4797 1447 4832 ’θ’
1465 4796 1545 4864 sule]
1565 4800 1703 4863 remigan-

406 4880 456 4932 dos
469 4884 523 4932 1.2.
574 4879 608 4915 ¹⁰⁴
625 4883 847 4947 Prrepono3...5.
905 4884 938 4917 ²⁰⁷
955 4881 1084 4950 appolita
1097 4886 1177 4960 1·2·*
1211 4883 1244 4918 ²²⁴
1261 4886 1422 4951 spati03.5.
1479 4882 1514 4916 ²¹⁹
1532 4883 1662 4933 conuicia
1675 4887 1704 4934 2.

404 4963 437 4999 ²⁸¹
456 4968 486 5018 iu
503 4964 610 5019 nostres
628 4966 746 5020 obuerl's
757 4972 884 5038 potentia
898 4973 922 5019 1.
930 4973 956 5021 2.
