3917 5950
487 631 595 687 CXXX.
614 648 719 684 rursm
733 646 795 684 nor.
809 646 846 682 nn
859 646 942 682 nvrr.
956 645 992 682 on
1006 645 1100 681 rnonr
1113 645 1189 682 nono
1202 645 1244 681 nr.
1258 644 1285 680 n.
1298 637 1332 683 2³.
1346 646 1403 683 rvr.
1419 638 1479 711 isto.
1560 615 1634 690 285

345 805 466 863 bulatur
492 806 530 863 ue
557 807 616 863 uita
641 803 742 876 futuri
767 805 873 870 seculi,
903 811 935 862 ut
959 819 1106 875 opnoseas
1134 803 1210 860 illud
1234 819 1274 861 ea
1303 804 1401 862 animo
1414 805 1521 877 loqui·,.
1542 821 1637 878 neque

344 909 408 966 sine
434 907 543 979 optima
570 922 632 980 spe.
676 906 719 963 Ac
746 908 814 964 talis
834 905 937 964 Morus
963 911 1008 963 est
1029 907 1117 963 etiarn
1144 906 1175 962 in
1196 906 1286 962 arelo:
1315 912 1345 963 et
1364 912 1469 980 postea
1494 913 1563 963 sunt
1587 908 1705 978 ouium.

341 1013 447 1080 putent
470 1006 651 1066 Christianos
675 1022 734 1065 non
755 1009 883 1065 inueniri
902 1009 962 1064 nisi
980 1009 1011 1064 in
1029 1008 1232 1065 monasteriis:
1263 1009 1337 1064 tutes
1356 1010 1434 1064 uiros
1461 1008 1638 1065 cordatissi-

345 1125 409 1166 mus
436 1125 494 1167 rca·
516 1111 547 1166 in
571 1108 723 1181 familiam
744 1124 829 1165 suurn
856 1115 944 1179 clionee
969 1107 1046 1165 olleo
1070 1110 1101 1164 in
1124 1107 1288 1165 cubiculum
1310 1123 1368 1166 non
1389 1110 1481 1166 solnm
1503 1108 1638 1177 admittit,

326 1225 449 1267 suerum
475 1211 564 1267 etium
585 1211 702 1278 inuitat,
735 1224 789 1266 nec
808 1209 912 1266 inuitat
931 1208 1032 1280 mocio,
1054 1225 1155 1267 verrem
1177 1211 1263 1266 etiam
1279 1209 1447 1282 pertrabit,¹
1480 1209 1532 1268 bos
1553 1209 1640 1269 babel

345 1310 474 1367 arbitros
493 1326 531 1368 nc
549 1317 634 1368 testes
652 1316 811 1383 perpetuos
833 1311 900 1368 uita
919 1327 998 1379 sua,
1013 1310 1070 1368 'bos
1088 1310 1176 1368 babet
1188 1307 1389 1380 incausalis,
1410 1311 1566 1368 nostratui
1586 1313 1638 1368 iti-

346 1426 450 1468 nerum
468 1413 586 1469 comites
595 1432 606 1479 ‚·
638 1411 676 1468 ab
697 1411 743 1468 bis
764 1412 874 1483 stipari
887 1411 1002 1482 pandet
1020 1412 1118 1484 potius
1140 1425 1229 1483 quum
1246 1411 1322 1467 luen
1339 1410 1467 1483 perditis
1488 1412 1639 1470 iuuenibus

345 1518 398 1569 aut
414 1513 594 1569 mulierculis
622 1519 676 1570 nul
701 1513 790 1569 etiam
812 1512 955 1584 torquatis
978 1511 1073 1569 neers
1099 1517 1151 1569 aut
1172 1513 1337 1585 insynceris
1361 1511 1483 1584 officiis,
1513 1530 1638 1585 ortorum

346 1615 425 1670 otius
446 1613 489 1670 acl
512 1615 673 1687 uoluptates
696 1616 812 1686 ineptas
837 1620 951 1681 auocet,
982 1614 1060 1670 nlius
1081 1611 1125 1669 ad
1148 1613 1336 1685 tyrannidem
1359 1613 1534 1685 inflammet,
1561 1617 1639 1672 olins

315 1714 393 1771 roaci
410 1714 605 1787 crepitantium
624 1715 767 1789 populum
789 1729 880 1771 nouas
900 1712 1023 1771 technas
1044 1720 1194 1786 supperet.
1229 1713 1267 1771 In
1286 1714 1344 1772 bae
1364 1717 1436 1772 nula
1458 1717 1485 1773 si
1506 1717 1635 1789 vixisses,
1647 1728 1705 1778 §.⁴22

346 1814 487 1885 lluttene‚
514 1823 562 1874 snt
586 1817 646 1874 scio
673 1831 794 1872 rursum
821 1816 912 1872 utiam
935 1806 1038 1872 arctam
1060 1814 1242 1872 describeres
1263 1822 1292 1872 et
1312 1818 1452 1873 nrisautos
1472 1832 1534 1873 esse
1555 1817 1638 1874 clesi-

346 1933 446 1988 neres,
475 1934 646 1991 quanquam
676 1924 708 1975 tu
740 1932 853 1989 quoqrce
883 1932 950 1974 cum
975 1931 1010 1973 eo
1033 1917 1174 1989 principe
1201 1917 1287 1986 uiuis,
1318 1924 1350 1974 ut
1375 1919 1562 1988 intepriorern
1584 1934 1639 1977 nee

346 2025 451 2091 optare
471 2021 583 2092 possis:
614 2034 708 2091 neqrce
735 2018 842 2075 desunt
868 2019 920 2090 qui
945 2017 1033 2075 rebus
1058 2019 1174 2091 optimis
1197 2016 1338 2089 faueant,
1364 2021 1453 2076 ueluti
1472 2018 1639 2078 Stromerus

346 2136 384 2178 nc
404 2120 530 2194 Coppus.
573 2119 636 2176 Seli
655 2118 805 2191 quidiste
822 2121 964 2192 paruitas
980 2119 1025 2176 nel
1043 2124 1156 2177 tantum
1169 2135 1297 2177 examen
1319 2121 1475 2192 insipnium
1498 2124 1637 2194 uirorum,
1648 2132 1705 2183 §.en

314 2235 338 2273 rs
348 2220 496 2290 Mummii,
528 2219 666 2289 Linacri,
700 2219 816 2290 Pacuui,
849 2219 952 2290 Coteti,
987 2218 1134 2291 Stoesleii,
1165 2220 1322 2292 Latimeri‚
1355 2220 1448 2293 Mori,
1484 2219 1639 2294 Tunsinlli‚

349 2322 457 2379 Clerici
487 2328 575 2394 atque
604 2323 730 2378 aliorum
767 2319 813 2377 bis
845 2320 1039 2390 uoluminum,
1076 2336 1200 2394 qnorum
1232 2340 1425 2397 quemcunque
1464 2325 1665 2398 nominaris„

347 2422 489 2479 nuunclum
511 2424 639 2480 omniurn
661 2424 798 2479 virtutum
820 2437 858 2479 nc
877 2421 1105 2494 disciplinarum
1123 2425 1213 2480 semel
1230 2423 1355 2481 dixeris.
1390 2423 1469 2482 Milri
1485 2440 1553 2483 uero
1571 2416 1706 2498 spisso.

347 2530 390 2581 est
410 2522 645 2596 boreaquaquam
666 2523 814 2595 urctparis,
831 2522 902 2594 sore
921 2531 953 2580 ut
966 2521 1117 2594 tebertus,
1140 2526 1258 2582 unicum
1279 2525 1324 2582 bis
1339 2526 1516 2599 temporibus
1530 2506 1640 2584 nostrie

350 2625 519 2683 Germanice
539 2629 759 2695 ornamentum,
781 2628 810 2681 et
826 2625 930 2697 plnres
951 2626 1001 2681 sui
1018 2627 1126 2683 similes
1147 2627 1178 2683 in
1201 2640 1285 2682 suam
1305 2627 1418 2697 allepot
1436 2626 1587 2698 familiam
1612 2635 1641 2686 et

314 2729 465 2784 roca’teris
488 2726 676 2800 principibus
699 2726 791 2797 proci
812 2727 850 2781 sit
873 2727 1022 2797 eaempm,
1051 2733 1082 2783 ut
1104 2726 1181 2784 idem
1205 2732 1235 2784 et
1256 2728 1315 2800 ipsi
1334 2743 1398 2784 succ
1421 2731 1543 2802 meisque
1561 2730 1643 2787 (lomi

345 2813 452 2898 faeere
469 2826 615 2884 studeant.
647 2825 747 2883 Habes
768 2827 923 2898 inanimem
945 2825 1145 2898 adoptimum
1166 2830 1322 2901 exemplar
1338 2843 1358 2884 a
1377 2829 1503 2901 pessimo
1524 2832 1708 2901 artifieerns.

348 2945 406 2987 non
428 2920 533 3002 oplime
556 2927 745 2986 delineatam.
791 2941 828 2985 ea
849 2925 902 2983 tibi
920 2927 1016 2985 minus
1035 2927 1179 3000 placebit,
1201 2929 1229 2987 si
1248 2930 1395 3001 continuet
1415 2929 1533 2989 Morum
1556 2947 1641 2990 nosse

343 3019 501 3104 propius,·⁸
521 3030 575 3088 sed
595 3029 672 3088 illati
692 3034 789 3087 lamen
813 3028 929 3086 interim
952 3029 1035 3099 caui,
1058 3045 1095 3087 ne
1116 3030 1189 3087 milri
1203 3031 1298 3104 possis
1313 3030 1477 3103 impinpere
1493 3033 1573 3105 quod
1589 3033 1642 3090 tibi

348 3134 446 3190 minus
462 3119 635 3205 paruerim,
665 3147 737 3189 neue
758 3144 876 3203 semper
898 3129 1060 3202 opprobres
1082 3132 1203 3188 nimirem
1226 3130 1325 3189 breues
1346 3133 1500 3204 epistolas·
1527 3136 1642 3192 etiamst

314 3233 416 3292 robure
437 3249 492 3291 nec
512 3232 586 3290 mibi
605 3232 745 3291 scribenti
766 3234 828 3300 niso
850 3238 893 3288 est
912 3232 1042 3303 loupior,
1065 3247 1121 3289 nec
1139 3231 1192 3289 tibi
1210 3231 1332 3304 tepenti,
1353 3239 1401 3290 sot
1421 3234 1496 3304 scio,
1517 3236 1640 3306 prolixa

348 3335 510 3393 esvtoebanr:
543 3333 577 3392 iel
593 3333 690 3405 saciet
704 3332 787 3392 Mori
806 3333 901 3390 nostri
921 3334 1062 3389 suauitas.
1103 3332 1225 3404 l'erum,
1247 3349 1285 3391 ne
1305 3333 1380 3391 nibil
1402 3333 1445 3391 ad
1457 3340 1708 3409 postremomsns.
1731 3371 1736 3380 -

347 3442 429 3493 luam
456 3436 610 3509 epistolam
637 3434 849 3508 respondeum,
883 3450 971 3506 qucum
999 3436 1086 3507 prius
1112 3449 1253 3493 excusam
1280 3436 1342 3507 lepi
1370 3451 1460 3509 qucum
1489 3438 1640 3511 scriptam,

347 3538 509 3596 clarissimi
527 3538 676 3611 principis
696 3536 810 3595 Alberti
826 3535 1039 3593 bremonitutem
1061 3551 1101 3592 ecc
1123 3536 1216 3608 ipsius
1237 3538 1325 3594 etiam
1348 3536 1391 3593 od
1410 3553 1456 3595 me
1470 3538 1569 3597 literis
1590 3540 1641 3595 in-

348 3640 458 3697 tellexi.
501 3639 557 3696 sed
579 3640 632 3711 qui
650 3646 749 3711 ocioso
770 3637 901 3740 sactum,
928 3644 1087 3711 inponere
1106 3640 1193 3710 prius
1214 3639 1258 3696 aci
1277 3654 1376 3696 omnes
1395 3642 1565 3713 peruenerit
1585 3621 1642 3698 tuis

316 3742 443 3798 solr'teris
464 3755 553 3813 quam
576 3740 620 3797 ad
638 3736 705 3798 me?
733 3746 812 3798 certe
829 3756 887 3814 per
911 3742 1055 3797 neminem
1077 3741 1186 3797 certius
1203 3742 1317 3798 mittere
1336 3746 1457 3814 poteras
1476 3757 1564 3814 quam
1585 3758 1642 3815 per

349 3821 537 3900 Iliclrarclum
559 3841 713 3912 Poenum,
740 3842 920 3899 serenissimi
942 3841 1059 3913 Analiee
1081 3845 1161 3913 repis
1185 3849 1345 3916 oratorem,
1374 3844 1434 3900 sive
1455 3858 1501 3900 me
1521 3841 1643 3901 baberet

351 3940 519 4000 Brabontia
541 3944 601 4001 siue
622 3941 794 4000 Britannia.
843 3941 900 4012 Tu,
929 3949 1072 4015 quantum
1097 3943 1195 4010 naeu,
1226 3949 1256 4002 el
1279 3947 1396 4003 calamo
1419 3952 1448 4003 et
1468 3936 1708 4016 enseque-§.so

350 4044 425 4101 viter
442 4026 642 4122 belliperoris,
663 4059 718 4101 nec
735 4045 831 4101 mineus
852 4049 949 4100 tamea
958 4042 1091 4114 feliciter
1102 4060 1192 4117 quarn
1206 4044 1344 4116 sortiter:
1366 4062 1434 4103 riom
1451 4046 1536 4118 opud
1554 4061 1641 4102 reue-

349 4144 556 4207 rentissimuin
578 4143 765 4202 cardinalem
782 4125 953 4202 Corbionem
976 4145 1068 4203 aredio
1088 4154 1115 4204 te
1128 4160 1269 4219 mapnam
1283 4149 1371 4205 etiam
1387 4150 1486 4204 iniisse
1498 4147 1641 4217 pralium.

419 4344 523 4393 tinum
536 4347 562 4392 2.
576 4360 633 4410 sqq.
653 4343 672 4377 ¹¹
693 4342 825 4394 misaulus
839 4348 863 4394 7.
873 4346 897 4393 8.
933 4341 1071 4409 μίσαυλος
1088 4349 1222 4408 scripserit
1234 4344 1365 4394 Erasmus.
1437 4343 1458 4375 ¹⁵
1476 4342 1642 4393 Stooschlcii

350 4432 462 4479 r...t.o.
504 4427 707 4479 Stoeieheliii.
750 4420 1643 4493 Stoeschletii7.8.5,10nnnesStocsloius[Stul·esley]praetor

349 4513 546 4564 scholistienm
565 4513 638 4563 huno
655 4514 840 4578 theologiam,
859 4515 888 4561 in
907 4528 961 4577 qua
973 4512 1078 4560 nomini
1090 4511 1177 4571 cedit,
1198 4513 1279 4561 trium
1298 4513 1382 4561 etiarn
1401 4513 1556 4577 linguarum
1569 4514 1642 4562 haud

348 4599 502 4663 vulgariter
519 4599 637 4663 peritus,
653 4614 670 4646 a
682 4598 770 4646 saeris
782 4593 836 4661 [est
848 4598 951 4660 Anptice
963 4591 1059 4659 repi].''
1079 4595 1185 4643 Ernsm.
1199 4595 1349 4644 Bombaoio
1367 4595 1392 4644 d.
1406 4594 1448 4645 26.
1461 4596 1513 4646 Iul.
1527 4613 1552 4647 a.
1569 4596 1642 4647 1518.

349 4683 431 4747 (ΟΝ).
444 4681 531 4731 Bouil.
548 4681 620 4731 1540.
636 4688 700 4730 torn.
715 4681 764 4729 111.
779 4696 804 4744 p.
818 4678 860 4729 03.
897 4682 965 4744 Epp.
980 4679 1023 4729 ed.
1037 4680 1070 4727 L.
1083 4680 1116 4727 B.
1131 4677 1291 4727 nonnum.
1306 4680 1490 4743 cccrum),
1511 4696 1571 4745 quoe
1585 4684 1642 4747 opi-

347 4767 420 4816 stoln
431 4773 584 4815 ceterorum
598 4781 704 4831 qnoque
717 4763 769 4812 h.l.
777 4765 976 4813 nominatorum
989 4761 1139 4828 Anglorum
1148 4762 1245 4813 laudes
1258 4764 1347 4825 insitu
1358 4766 1540 4829 prosequitur.
1571 4768 1642 4817 'Pon-

349 4849 426 4900 stalli
440 4853 528 4915 taqq.
582 4850 603 4882 ¹⁶
622 4848 858 4899 assimilinm2.³.
907 4846 928 4881 ¹⁸
947 4846 1115 4913 osmerii.
1162 4845 1364 4898 ”delimatam
1379 4853 1454 4903 1...3.
1502 4848 1601 4902 nexo.
1617 4868 1642 4917 q.

350 4936 559 4988 ser.omie.l.8.
612 4931 635 4967 ⁸²
652 4934 820 5028 Britaniossl.
856 4934 980 5015 grauiter
993 4934 1052 4986 t.8.
1083 4931 1104 4965 ⁸⁸
1123 4930 1185 5002 nee]
1205 4948 1259 4984 non
1272 4935 1330 4985 7.8.
1349 4934 1383 4987 R.
1398 4936 1422 4987 1.
1441 4937 1512 4987 orna.
1527 4937 1553 4986 2.
1566 4952 1623 5004 sqq.

1341 5034 1352 5061 N
