3917 5950
565 676 618 729 cc.
638 691 762 728 nvr'rrttt
775 691 812 727 An
824 690 957 727 ERAHVK
970 690 1108 726 BOTEBOD.
1122 690 1165 726 ΕΡ.
1180 691 1206 726 D.
1223 681 1255 725 13.
1270 689 1334 726 Νῦν.
1348 680 1409 724 1520.
1563 656 1639 729 425

342 845 434 916 lares,
464 846 668 925 propellantur
695 846 822 924 improbi
852 863 868 904 a
896 846 1051 907 Germania
1079 844 1205 914 domini,
1233 844 1362 905 solvatur
1384 847 1479 923 turpis
1501 848 1635 918 servitus,

342 951 516 1030 pudendum
537 949 691 1009 abiiciatur
713 948 827 1026 iugum!
861 949 1024 1008 Germanos
1047 965 1111 1008 esse
1133 964 1187 1005 nos
1208 948 1443 1016 meminerimus,
1474 966 1570 1026 neque
1592 948 1640 1008 hio
1666 932 1671 937 ⁸

343 1053 498 1130 quisquam
527 1053 576 1120 sit,
607 1068 695 1129 quem
723 1048 850 1109 delectet
877 1049 988 1116 virere,
1018 1049 1042 1106 si
1070 1066 1129 1106 non
1158 1048 1249 1138 possit
1277 1047 1378 1108 libere.
1424 1048 1554 1128 Aliquid,
1578 1063 1709 1140 nonnjo.

343 1155 441 1212 orornia
469 1152 623 1231 praecidet,
654 1153 693 1219 si,
722 1151 801 1229 quod
832 1151 877 1208 isti
907 1155 1041 1228 sperant,
1071 1149 1232 1208 intercedet
1260 1149 1337 1224 regis
1366 1150 1510 1219 edictum;
1544 1169 1641 1229 neque

321 1256 443 1314 somnia
471 1253 520 1314 ille
548 1253 661 1328 refugia
692 1250 844 1319 clauserit,
875 1252 970 1310 omnia
995 1249 1168 1310 subduxerit
1190 1249 1304 1310 auxilia.
1351 1250 1443 1320 Quem
1467 1271 1521 1328 ego
1543 1260 1640 1313 tamen

344 1355 435 1415 credo
459 1355 618 1414 abductum
641 1371 720 1413 nunc
743 1355 870 1430 pessimo
893 1351 1029 1418 consilio,
1053 1369 1112 1410 nou
1135 1352 1184 1411 diu
1208 1352 1352 1412 iacturum
1376 1356 1462 1414 etiam
1484 1354 1556 1415 lroc:
1589 1354 1640 1414 ali-

344 1456 463 1535 quando
486 1458 563 1516 enim
586 1455 623 1514 ecl
645 1436 820 1523 se⁸redibit,
849 1472 946 1531 neque
967 1470 1086 1529 semper
1107 1451 1336 1514 Romanensinm
1364 1454 1522 1538 palponum
1545 1456 1640 1516 consi-

314 1611 318 1625 ,
344 1558 390 1617 liis
412 1556 644 1617 subvertendum
666 1575 698 1615 se
721 1554 879 1633 praebebit,
904 1573 970 1614 cum
994 1555 1060 1632 quia
1083 1554 1288 1632 tot·exernplis
1310 1559 1490 1616 commoneri
1516 1575 1582 1616 eum
1597 1557 1640 1616 la·

345 1658 400 1735 cile
423 1667 468 1718 est
490 1657 571 1717 ‘nilril
594 1676 658 1717 osse
681 1657 720 1717 ibi
743 1654 852 1724 bdum',
882 1664 944 1714 tum
967 1674 1036 1715 cero
1059 1658 1127 1733 quia
1156 1663 1271 1734 tempus
1299 1656 1400 1717 adesse
1424 1658 1552 1727 ridetur,
1582 1676 1640 1736 quo

310 1761 410 1820 correo
438 1758 591 1820 aboleatur
620 1760 758 1837 tyrannis.
803 1758 888 1829 Οιιιιι]
918 1760 971 1817 etsi
999 1775 1015 1815 a
1044 1776 1091 1817 me
1120 1758 1183 1817 lteri
1210 1776 1270 1817 non
1298 1740 1408 1835 possit,
1435 1767 1532 1820 tamen
1560 1761 1638 1820 initia
1651 1766 1709 1817 §.1⁶-

346 1881 466 1922 sumere
489 1863 612 1938 poterit;
646 1860 696 1920 ubi
719 1861 767 1938 qni
790 1865 860 1918 sunt
887 1859 934 1917 isti
963 1860 1013 1936 qui
1040 1859 1077 1917 acl
1105 1861 1232 1936 quietem
1261 1859 1434 1921 hortantur?
1468 1863 1641 1940 quasivero

347 1963 415 2023 lorti
438 1964 516 2031 ciro,
541 1961 634 2041 qualis
657 1980 720 2021 esse
743 1959 860 2028 laboro,
884 1962 1037 2038 quiescere
1059 1961 1096 2018 sit
1114 1960 1322 2037 despicabilem
1337 1965 1447 2023 servire
1461 1965 1640 2032 servitutem,

347 2064 403 2122 boo
430 2066 594 2142 prasertim
626 2069 759 2140 tempore
788 2081 845 2139 quo
874 2062 911 2121 acl
937 2053 1084 2128 srmamum
1108 2063 1278 2122 conscendit
1299 2064 1362 2123 brec
1385 2065 1554 2142 indignitas,
1583 2084 1642 2144 quo

347 2165 392 2224 isti
423 2165 493 2224 nibil
521 2183 579 2228 nou
609 2165 698 2224 licere
728 2164 782 2223 sibi
811 2162 926 2231 colunt,
957 2180 1016 2239 quo
1039 2181 1121 2222 sacra
1152 2163 1333 2243 prolanaque
1356 2168 1453 2225 omnia
1475 2168 1577 2244 impie,
1610 2173 1642 2226 ut

315 2278 497 2344 ¹⁵rrcrnquo'm
519 2268 617 2344 prius,
642 2268 816 2332 miscentur,
841 2282 899 2341 quo
921 2265 1038 2323 mentiri
1061 2270 1089 2323 et
1111 2264 1247 2325 lrauclare
1276 2267 1390 2344 regium
1418 2274 1462 2327 est
1490 2275 1518 2326 et
1546 2269 1641 2346 ponti-

347 2370 460 2436 licium,
490 2368 617 2445 diripere
641 2373 670 2425 et
692 2366 783 2425 lurari
808 2367 892 2424 etlam
916 2382 1043 2423 socrum.
1090 2366 1163 2424 lliuc
1187 2373 1216 2424 tu
1239 2366 1326 2426 laude
1349 2376 1470 2428 conatus
1500 2388 1531 2428 es
1559 2378 1709 2428 reve-cu.

347 2487 416 2528 care
440 2468 509 2537 lios;
544 2468 670 2544 benigne
694 2469 721 2528 id
745 2467 880 2546 quidem,
904 2466 954 2524 secl
977 2467 1111 2525 uincente
1134 2468 1264 2543 ipsorum
1288 2468 1432 2528 dementia
1455 2469 1526 2529 nibil
1543 2470 1642 2530 eblan-
1691 2528 1697 2541 ,

348 2571 426 2630 ditus
449 2588 489 2629 cs.
534 2569 594 2629 lam
618 2587 676 2628 ιιιιιι
700 2576 744 2628 est
766 2569 854 2645 igitur
876 2574 1006 2644 tempus,
1029 2575 1062 2627 ut
1084 2568 1239 2644 desperata
1262 2570 1399 2637 sanitate,
1423 2572 1506 2631 cuius
1527 2573 1556 2631 iu
1581 2578 1642 2631 tarr·

349 2678 411 2730 tum
435 2688 558 2748 capaces
580 2671 626 2729 isti
649 2688 708 2729 non
730 2676 813 2737 suut,
843 2668 1014 2741 eltiiciarnus
1037 2669 1152 2746 putrida
1176 2669 1332 2738 cadavera,
1363 2689 1525 2745 exuramus
1542 2681 1572 2733 et
1593 2673 1644 2733 ab·

312 2771 497 2833 aoerleamus‘l
532 2771 610 2850 (procul
633 2772 656 2828 si
678 2772 705 2829 ri
728 2776 757 2829 ct
778 2771 867 2828 armis
890 2787 1033 2830 conemur
1056 2768 1187 2839 efficere,
1217 2771 1316 2830 uthis
1339 2771 1529 2833 obsceriamus
1552 2775 1643 2844 iuriis,

349 2876 443 2934 eritne
466 2874 515 2950 qui
539 2873 700 2932 lortitucliui
723 2880 830 2931 nostrce
853 2873 1024 2932 temeritatis
1046 2870 1240 2948 appellatione
1263 2871 1447 2931 obructabitl
1470 2875 1578 2935 Fuerit.
1617 2884 1645 2934 at

350 2995 403 3036 rios
436 2976 512 3034 banc
545 2975 667 3051 gloriam
701 2972 944 3040 existimabimus:
984 2991 1079 3050 neque
1108 2991 1266 3051 sequemur
1295 2981 1393 3033 tamen
1422 2975 1560 3049 gloriam,
1593 2977 1644 3038 sed

349 3076 491 3136 libertatis
507 3075 603 3135 studio
626 3074 766 3152 periculis
788 3074 866 3134 ultro
889 3092 942 3132 uos
965 3072 1151 3133 obiiciemus:
1185 3093 1281 3153 neque
1304 3076 1380 3134 enim
1403 3078 1513 3136 servire
1535 3080 1644 3154 poteri·

349 3197 430 3240 triers,
460 3177 566 3255 quibus
589 3179 675 3237 etiam
698 3179 858 3236 servientes
888 3178 916 3235 in
940 3176 1096 3237 Germania
1120 3175 1217 3235 ridere
1239 3174 1309 3234 alios
1331 3194 1418 3253 grave
1441 3186 1499 3235 est:
1534 3186 1563 3237 et
1584 3179 1641 3239 lor·

313 3285 426 3339 ascaee
448 3280 544 3338 inritis
566 3278 735 3339 horninibus
757 3297 817 3337 suae
840 3277 983 3337 libertatis
1005 3275 1145 3335 authores
1168 3278 1286 3335 erimus¹
1325 3278 1402 3348 Once·
1419 3278 1529 3338 idcirco
1552 3280 1712 3357 pluri-trs.

350 3380 407 3440 bus
430 3380 466 3439 ad
492 3387 518 3438 tc
541 3382 660 3456 scripsi,
689 3386 723 3438 ut
744 3378 794 3438 nbi
817 3398 883 3458 quea
905 3379 952 3437 bic
974 3383 1116 3455 parentur
1139 3380 1243 3447 scires,
1269 3394 1448 3454 cognoscere
1471 3379 1522 3440 tibi
1544 3382 1647 3442 liceret

349 3500 438 3559 quam
460 3499 519 3540 non
543 3482 582 3539 sis
604 3487 684 3540 tutus
706 3479 779 3548 illic,
810 3480 860 3539 ubi
883 3482 1008 3539 manime
1031 3479 1182 3539 obsistitur
1204 3481 1383 3557 remergenti
1412 3481 1530 3543 tandem
1556 3482 1645 3544 liber·

349 3586 400 3642 tati
429 3589 457 3641 et
488 3583 670 3641 tenacissime
698 3581 791 3642 lueret
819 3583 951 3642 servitus.
998 3579 1095 3649 Quare
1119 3579 1272 3639 consilium
1301 3588 1344 3640 est
1371 3600 1484 3651 meum,
1515 3603 1553 3644 ne
1575 3587 1646 3645 tanti

350 3684 440 3744 lacias
464 3681 533 3742 illud
557 3684 619 3742 istic
643 3683 784 3748 ociolum,
817 3691 849 3742 ut
871 3685 899 3742 in
922 3701 1039 3742 summo
1062 3680 1193 3759 periculo
1222 3684 1431 3761 conquiescere
1459 3687 1487 3744 in
1515 3689 1644 3747 animum

314 3785 481 3844 aoinducas
528 3784 651 3844 ltlultum
673 3793 701 3844 te
724 3787 842 3863 capiunt
864 3783 1038 3845 Basilienses
1060 3785 1117 3850 tui:
1150 3801 1215 3862 qum
1237 3792 1401 3853 moreest,
1426 3789 1714 3865 quiueocon-§.m

349 3887 437 3946 cedas
460 3888 694 3964 quamprimum,
721 3887 884 3963 praesertim
907 3904 1055 3963 nusquam
1078 3885 1234 3945 liberiores
1257 3904 1323 3946 cum
1347 3888 1404 3946 sint
1426 3889 1574 3957 homines,
1598 3909 1646 3949 su·

350 3995 417 4066 apte
440 3986 549 4065 alioqui
571 3995 690 4053 natine,
721 4006 800 4046 ιιιιιιι,
822 3987 943 4047 Lutheri
972 3989 1059 4047 etiam
1084 3988 1200 4066 scriptis
1224 3995 1252 4047 et
1273 4006 1340 4048 meo
1363 3989 1489 4066 (prodam
1513 3999 1647 4069 poemate

351 4091 526 4149 Germanice
558 4091 669 4166 scripto
699 4090 773 4147 mire
802 4088 990 4149 inllammatil
1023 4089 1055 4148 lu
1078 4107 1192 4148 summo
1222 4090 1327 4148 isthinc.
1350 4096 1377 4149 te
1401 4092 1480 4168 cripe
1504 4099 1533 4150 et
1555 4093 1646 4151 urani·

351 4190 457 4250 lestum
481 4190 638 4250 discrimen
661 4189 822 4267 prudenter
845 4189 967 4249 declino.
1013 4190 1075 4249 Hoc
1099 4197 1126 4249 le
1150 4208 1203 4266 ego
1226 4189 1343 4268 hortor,
1373 4210 1460 4267 quem
1489 4198 1520 4249 nt
1549 4192 1576 4251 ld
1600 4191 1714 4257 laem.

316 4294 444 4359 eseiam,
475 4310 542 4350 cum
566 4292 619 4369 ipsi
641 4291 823 4370 persuadere
844 4290 897 4351 tibi
919 4309 979 4350 non
1003 4299 1137 4368 possent,
1167 4307 1339 4349 communes
1367 4291 1452 4349 amici
1474 4293 1520 4368 pie
1544 4292 1644 4351 admo·

353 4393 423 4451 dum
447 4400 618 4452 exorarunt.
663 4394 704 4453 lle
728 4391 835 4471 aliquid
859 4394 991 4452 omnium
1015 4393 1103 4458 rotis,
1132 4393 1156 4450 si
1179 4408 1237 4449 non
1261 4392 1357 4467 parcis
1380 4398 1436 4449 tuce
1458 4392 1559 4452 saluti:
1593 4412 1646 4453 no·

351 4513 420 4554 rum
448 4494 505 4552 boc
534 4501 617 4554 tuum
644 4496 672 4554 in
696 4512 853 4554 commune
875 4492 1062 4552 benefactum
1086 4494 1149 4551 erit.
1197 4491 1268 4549 cede
1290 4493 1398 4550 nostris
1420 4492 1573 4568 precibus,
1598 4496 1648 4572 qui

418 4645 429 4677 ³
453 4645 565 4710 Aliquid
587 4662 642 4695 non
667 4647 759 4694 omnia
783 4644 936 4710 praecludet
956 4645 1013 4691 r.2.
1084 4642 1094 4672 ⁵
1118 4639 1174 4705 ille]
1200 4642 1249 4691 illo
1268 4646 1293 4691 2.
1376 4641 1473 4708 Quem]
1498 4644 1646 4695 Caesarem.

349 4730 380 4761 Μ
398 4730 464 4794 eliq.
480 4727 625 4795 euincere]
646 4730 792 4779 Commode
812 4730 872 4778 baec
891 4729 989 4777 referri
1008 4734 1122 4793 possunt
1140 4728 1174 4776 nd
1189 4729 1429 4787 commentorium,
1449 4744 1528 4792 quem
1541 4736 1572 4779 ut
1585 4731 1648 4781 inde

348 4817 533 4864 instrueretur
551 4815 659 4872 Caesnr,
684 4815 823 4862 Huttenns
842 4819 897 4862 tum
917 4813 1083 4878 composuit,
1112 4813 1210 4875 Arraeip
1227 4814 1272 4861 wie
1291 4816 1410 4875 allmeqen
1433 4815 1486 4862 sien
1504 4816 1545 4863 die
1563 4815 1649 4880 Betprt

346 4916 429 4965 pogen
447 4901 489 4948 die
508 4900 605 4950 Kaiser
621 4899 747 4962 geleiten.
813 4898 1006 4947 lcommoveri
1023 4899 1081 4945 1.2.
1139 4896 1161 4928 ²⁰
1179 4897 1363 4950 obrceviamus
1384 4899 1441 4946 Η.
1499 4896 1518 4929 ²¹
1540 4899 1647 4948 fortitu·

349 4986 452 5034 diue2.
506 4981 528 5014 ²⁵
547 4989 658 5034 autores
677 4985 702 5030 2.
756 4980 778 5013 ²⁹
797 4982 909 5032 otiolum
928 4985 954 5029 2.
1007 4980 1029 5012 ²²
1047 4979 1185 5048 poemate]
1207 4983 1268 5047 Clog
1285 4984 1337 5032 uod
1352 4999 1506 5047 vermanung
1524 4987 1579 5032 ote.
