3917 5950
479 673 560 727 CLV.
579 688 839 726 aerumnarum.
853 688 980 725 sverain
995 687 1082 724 enar.
1096 689 1131 724 nn
1146 689 1191 725 vo.
1206 688 1284 725 ecce.
1299 687 1435 724 conseer.
1457 679 1515 726 ttae.
1569 658 1643 731 327

346 854 376 908 et
398 865 433 907 ea
458 845 683 924 reprehendam
709 863 775 924 quae
799 846 908 921 corrigi
929 852 1067 922 possunt,
1097 846 1372 925 occurrendumque
1394 845 1506 905 sithoc
1528 849 1643 924 potissi-

345 968 426 1010 mum
447 956 596 1027 tempore,
619 951 643 1008 si
666 967 795 1027 uuquam
816 950 913 1026 prim,
937 948 1062 1025 publicae
1085 949 1211 1015 iniuriae,
1236 956 1266 1008 et
1285 966 1391 1026 magna
1409 948 1449 1008 sit
1469 967 1547 1008 uuuc
1566 949 1642 1009 lacto

346 1053 391 1112 isti
419 1053 638 1130 opportunitas,
667 1052 706 1110 ita
733 1050 956 1110 accelerandum
985 1052 1015 1109 iu
1042 1069 1076 1109 re
1105 1043 1262 1110 arbitratus
1284 1069 1364 1118 sum,
1392 1057 1424 1110 ut
1445 1054 1512 1128 quia
1535 1051 1642 1110 diutius

346 1153 429 1212 abest
446 1171 535 1231 quam
554 1152 714 1213 multorum
737 1154 900 1229 expectatio
923 1153 1011 1219 lerat,
1037 1159 1104 1211 tuus
1127 1151 1232 1219 irater,
1256 1152 1307 1212 tibi
1330 1153 1501 1212 inculcanda
1523 1154 1640 1212 interim

326 1254 480 1333 *quadam
503 1255 682 1322 existimem,
712 1272 778 1332 quae
799 1261 830 1313 tu
853 1273 920 1313 cum
942 1253 990 1313 illo
1011 1261 1110 1331 postea
1132 1256 1339 1314 cnmnumices
1385 1254 1469 1325 erod
1493 1274 1560 1314 cum
1585 1256 1710 1318 rot-rao.

347 1358 424 1417 nime
444 1356 541 1417 adbuc
562 1358 722 1432 cogitarem
744 1373 855 1432 nuper,
878 1356 932 1415 alia
952 1356 1029 1415 euim
1051 1355 1174 1430 agebam
1193 1362 1277 1423 tuuc,
1300 1355 1375 1416 ierte
1398 1357 1514 1417 lortuna
1533 1355 1641 1417 librum

347 1458 376 1517 in
395 1457 573 1518 bibliotheca
594 1457 748 1525 Frddeusi,
772 1476 839 1535 quae
861 1458 977 1517 cedices
1000 1456 1089 1516 babet
1111 1457 1194 1517 valde
1218 1458 1326 1518 multos
1347 1466 1462 1520 veteres
1485 1466 1514 1533 et
1536 1458 1639 1525 boues,

347 1560 441 1618 inveni
457 1561 658 1619 vetustissimis
672 1561 813 1635 scriptum
833 1558 1066 1627 characteribus,
1092 1560 1174 1619 errius
1197 1561 1226 1619 iu
1246 1559 1342 1620 fronte
1366 1580 1462 1640 neque
1480 1561 1550 1640 quid
1569 1577 1639 1619 con·

346 1662 449 1725 tineat,
473 1678 646 1739 nequaque
666 1660 790 1721 authore
809 1662 937 1737 scriptus
957 1662 1008 1729 sit,
1033 1661 1170 1720 iudicium
1190 1661 1282 1721 ullum
1304 1669 1383 1722 erat:
1412 1664 1450 1722 ita
1466 1665 1528 1723 sine
1545 1660 1639 1727 titulo,

315 1763 408 1821 tosiue
435 1761 722 1840 praelationeecaput
750 1769 802 1821 est.
848 1763 947 1838 accepi
974 1763 1003 1820 iu
1032 1779 1149 1829 manus,
1184 1763 1323 1839 quiddam
1348 1765 1542 1840 presagia-bat
1569 1762 1640 1823 mibi

345 1864 460 1922 animus
483 1864 575 1932 enim,
602 1870 631 1922 et
655 1871 688 1923 ut
714 1870 776 1923 erat
804 1863 975 1941 pulveribus
997 1862 1123 1930 obsitus,
1155 1867 1285 1931 excusse
1318 1865 1451 1942 quedam
1476 1867 1549 1943 legi,
1577 1864 1639 1943 pla·

346 1966 420 2032 tuit;
454 1967 593 2024 contiuuo
621 1964 722 2043 plina,
752 1983 820 2025 urex
844 1972 938 2024 totum
965 1967 1117 2042 percurri,
1153 1967 1258 2041 raptim
1285 1966 1427 2042 primunr,
1459 1975 1525 2045 post
1551 1965 1639 2045 paulo

344 2067 525 2126 accuratius:
556 2069 679 2141 cognovi
703 2069 851 2126 inventum
875 2066 987 2134 nobile,
1011 2084 1074 2126 reru
1097 2069 1222 2143 tempori
1243 2068 1509 2138 accommodatam,
1537 2075 1566 2127 et
1587 2068 1638 2127 de·

344 2168 462 2246 syderio
488 2169 717 2246 uniuscuiusque
743 2167 812 2229 beni
839 2185 1028 2245 summopere
1054 2169 1255 2245 expetendam.
1298 2168 1349 2227 Est
1369 2171 1446 2229 enim
1468 2171 1504 2230 de
1528 2172 1638 2229 unitate
1649 2185 1706 2236 eu.

313 2269 478 2329 aecclesia!
503 2270 715 2337 conservanda,
744 2270 780 2329 de
805 2269 901 2329 ellicie
925 2269 994 2328 boni
1018 2271 1176 2346 pontilicis,
1205 2269 1241 2328 de
1267 2270 1443 2330 authoritate
1465 2270 1639 2331 sacerdotali

344 2380 374 2432 et
403 2372 519 2448 imperii
542 2370 667 2431 Romani
694 2372 833 2448 dignitate
856 2373 1054 2448 conscriptos:
1087 2377 1149 2431 tum
1171 2371 1297 2431 schisma
1320 2372 1494 2441 detestatur,
1520 2373 1637 2433 seditio-

344 2490 397 2534 nes
420 2480 450 2532 et
471 2472 631 2533 discordias
653 2471 740 2540 tollit,
764 2490 866 2549 pacem
884 2474 1024 2550 praedicat
1046 2481 1074 2532 et
1096 2474 1223 2533 studium
1247 2475 1374 2534 veritatis
1396 2475 1519 2542 adserit;
1550 2480 1638 2551 atque

344 2577 441 2636 omnia
464 2574 527 2634 bec
549 2573 715 2650 evangelica
736 2573 869 2634 doctriua
891 2582 921 2634 et
940 2574 1140 2650 apostolorum
1163 2594 1197 2634 ac
1220 2574 1432 2651 prophetarum
1455 2575 1537 2635 bdcit
1556 2575 1636 2634 testi·

343 2677 458 2737 moniis.
500 2674 595 2735 Exilui
622 2675 742 2751 gaudio,
772 2677 810 2734 ita
837 2693 885 2734 rue
913 2661 1045 2734 Clrristus
1069 2683 1160 2742 amet,
1191 2682 1220 2735 et
1249 2674 1344 2735 lentitia
1374 2677 1514 2743 exultavi,
1544 2677 1705 2751 magister.

310 2779 431 2838 aetiam
454 2778 604 2836 inveniens
624 2777 702 2854 quod
730 2794 788 2835 uon
811 2779 999 2853 qruesieram,
1028 2776 1079 2835 sed
1106 2777 1184 2853 quod
1209 2784 1272 2836 erat
1301 2776 1407 2854 alioqui
1434 2785 1532 2838 tarueu
1558 2796 1637 2856 qaue-

342 2879 484 2946 reudum,
508 2895 595 2955 quam
617 2878 642 2936 si
664 2877 760 2936 dedita
782 2896 872 2955 opera
891 2878 1072 2946 incidissem,
1099 2879 1253 2955 statimque
1276 2880 1353 2938 venit
1374 2879 1545 2939 tumentem
1567 2878 1638 2938 mibi

343 2982 430 3042 buius
451 2980 602 3041 Menandri
624 2981 775 3040 sententie

552 3079 682 3159 ἔρχεται
702 3069 847 3160 τάληθὲς
868 3078 915 3152 εἰς
936 3075 1008 3159 φῶς
1030 3068 1132 3140 ἐνίοτ’
1149 3068 1191 3141 οὐ
1213 3069 1426 3159 ζητούμενον.

342 3183 453 3256 Quodsi
474 3183 615 3242 adfuisset
636 3190 706 3243 tuuc
727 3183 863 3251 Carolus,
893 3192 925 3243 ut
950 3201 1030 3244 eram
1057 3185 1212 3259 inopinatae
1234 3182 1338 3242 lotide
1361 3184 1492 3242 concitus
1514 3184 1704 3258 impetentis.

308 3286 378 3347 asad
398 3287 494 3363 ipsum
517 3286 731 3361 procurrissem
755 3303 862 3346 merrus
884 3285 941 3344 lroc
964 3286 1106 3351 otlereus,
1131 3286 1262 3344 nonnisi
1283 3286 1420 3351 summis,
1450 3290 1482 3344 ut
1503 3283 1573 3343 milri
1596 3286 1636 3342 vi·

341 3387 443 3455 detur,
476 3386 611 3462 (lignum,
638 3392 846 3464 putassemque
877 3387 933 3446 boc
963 3386 1072 3446 lacieus
1100 3405 1239 3462 maguum
1267 3405 1315 3458 me
1342 3387 1489 3464 quidpiam
1521 3390 1550 3445 et
1578 3402 1636 3444 uon

342 3488 439 3563 eripui
460 3490 556 3547 meriti
578 3487 702 3547 dedisse.
746 3487 819 3548 Nam
845 3489 922 3549 baud
953 3487 1123 3548 dubitabam
1151 3505 1340 3565 summopere
1368 3488 1425 3548 boc
1453 3487 1492 3547 illl
1520 3493 1636 3563 grubmr

341 3589 489 3657 futurum,
513 3589 753 3665 confidenterque
774 3590 931 3650 credebam
952 3591 1008 3650 boc
1030 3590 1066 3650 ab
1090 3609 1125 3650 eo
1145 3591 1253 3651 lactrrm
1274 3608 1328 3667 pre
1348 3591 1392 3649 sui
1408 3590 1545 3665 ‹liguitate
1560 3590 1636 3647 sesti·

342 3696 450 3751 matum
473 3692 523 3758 iri,
546 3691 762 3751 intellecturum
784 3693 879 3768 ipsum
902 3711 972 3752 vero
995 3692 1127 3752 uouuibil
1153 3710 1217 3752 esse
1240 3694 1268 3751 iu
1291 3711 1338 3767 me
1367 3709 1426 3769 quo
1455 3690 1537 3750 vobis
1566 3707 1634 3767 pro-

308 3792 426 3857 sodesse
442 3794 560 3870 possim.
599 3795 671 3865 Quae
685 3812 750 3853 esse
765 3799 861 3870 potest
880 3795 957 3851 enim
978 3795 1134 3871 pretiosior
1157 3812 1263 3871 opera,
1284 3812 1372 3873 quam
1393 3794 1483 3870 siquis
1504 3810 1553 3850 vos
1572 3810 1707 3859 ser-eu.

342 3895 402 3953 rire
425 3911 485 3951 uon
508 3895 692 3971 permiserit?
721 3895 892 3954 Servieruut
911 3897 988 3954 euim
1005 3894 1143 3954 Romanis
1159 3875 1357 3972 pontiliribus
1379 3896 1556 3958 servierunt,
1581 3911 1636 3969 pre

341 3994 453 4071 pudor,
473 4002 617 4074 quotquot
644 4013 680 4056 ex
701 3997 856 4057 Germanis
878 3996 1106 4073 imperatoribus
1126 4005 1175 4057 aut
1194 3999 1268 4059 urbe
1288 3999 1379 4058 Rorna
1402 3996 1457 4056 illis
1475 4002 1635 4062 cesserunt,

341 4104 390 4156 aut
412 4096 556 4156 scelerate
578 4098 746 4156 ementitam
772 4098 950 4158 Ccurstautini
974 4098 1160 4158 donatiouem
1181 4106 1274 4159 ratam
1296 4098 1477 4165 balureruut,
1508 4104 1557 4156 aut
1578 4098 1636 4156 ius·

342 4196 497 4256 iurandum
520 4199 589 4257 inite
607 4199 774 4275 principatu
791 4199 973 4260 reddendum
998 4198 1052 4258 illis
1075 4200 1195 4275 dignum
1218 4201 1378 4266 duxeruut,
1403 4206 1453 4259 aut
1473 4197 1509 4257 ab
1532 4214 1651 4256 eorum

310 4296 465 4374 npedibus
484 4305 662 4376 acceperuut
683 4300 904 4376 imperatorium
921 4301 1069 4368 diadema,
1094 4309 1142 4360 aut
1162 4301 1334 4359 senteutiam
1353 4301 1383 4359 iu
1399 4318 1430 4358 se
1446 4300 1546 4359 dicere
1560 4300 1637 4375 passi

340 4405 421 4467 suut,
445 4404 495 4459 aut
516 4417 569 4460 sua
589 4401 683 4461 edicta
704 4419 831 4481 suasque
852 4401 933 4479 leges
955 4402 992 4462 ab
1016 4401 1132 4461 illorum
1155 4399 1409 4461 constitutionibus
1429 4400 1574 4476 supprimi
1592 4405 1637 4458 tu·

408 4651 724 4720 ¹rcprebendam2...d.
770 4654 1000 4720 ’umquamne
1055 4654 1114 4705 tato
1134 4651 1193 4718 (pro
1208 4652 1293 4717 facto)
1307 4655 1381 4703 2...4.
1434 4649 1638 4718 ‘exspectatio

340 4738 414 4787 2...4.
474 4737 706 4790 ’anctoret...d.
772 4738 830 4772 ¹³·¹⁴
848 4740 988 4792 desiderio
1002 4744 1075 4791 2.,Α.
1136 4738 1156 4771 ¹⁵
1175 4740 1432 4790 auctoritate2...d.
1492 4737 1638 4790 ¹⁹Exsilui

340 4826 415 4874 2...⁴.
486 4823 624 4874 exsultavi
638 4826 712 4875 2...4.
793 4822 816 4856 ²¹
833 4825 988 4892 Menandri]
1009 4824 1638 4893 ap.Stob.Flor.X1.lll.„venitveritasiu

330 4908 429 4966 ,lucem
447 4908 585 4958 interdum
598 4925 649 4961 nec
663 4925 750 4976 qnaesr
764 4913 807 4960 ω’.
827 4909 871 4959 Cf.
884 4911 990 4975 Fgmm.
1004 4916 1110 4977 poetar.
1123 4922 1202 4960 novae
1222 4924 1290 4960 com.
1306 4910 1348 4962 ed.
1358 4909 1496 4962 Meinelce.
1513 4908 1585 4959 1841.
1599 4909 1635 4958 8⁰.

322 4972 431 5057 ‘plen
483 4991 506 5026 ¹⁸
526 4984 618 5045 ἐνίοτε
630 4997 689 5047 edd.
742 4992 764 5028 ⁸¹
782 4994 937 5061 probm.
989 4993 1012 5028 Μ
1030 4996 1197 5048 reddendam
1211 4998 1270 5047 Μ.
