3917 5950
407 621 479 693 ¹¹0
560 637 684 690 XXXVI·
703 645 723 686 l·
741 651 880 688 ΙΡΙΕΤΟΒΔ
896 653 935 689 ΔΙ)
953 652 1166 690 nummaria
1184 653 1250 689 CRE-
1269 653 1373 690 tanum
1391 654 1526 691 niceten.

555 807 694 888 impressi
716 807 782 878 tihi,
804 808 924 892 Ponte„
939 810 1042 889 iugum
1064 807 1249 888 Colchosque
1270 810 1377 880 cecidi;

491 929 526 969 nr
624 909 748 971 Pertulit
768 913 905 974 incursus
927 911 1030 990 Caspia
1050 918 1135 991 porta
1157 930 1257 981 me0s;

554 1011 613 1073 Per
635 1011 760 1093 Solyma
781 1022 912 1092 grassata
933 1013 1039 1076 uitem
1061 1034 1127 1076 mea
1149 1013 1241 1093 gloria
1262 1016 1365 1093 gentis,

628 1114 689 1176 Nec
711 1116 782 1177 mihi
804 1135 836 1177 se
857 1116 944 1196 rigidi
966 1135 1026 1177 nen
1048 1116 1180 1178 tribuere
1202 1116 1334 1197 Scythae;

555 1215 643 1294 l‘rcgi
665 1236 749 1278 acres
771 1217 967 1298 Cymhrururn
990 1220 1067 1280 acics
1089 1224 1119 1279 et
1139 1217 1286 1279 Teutonas
1308 1219 1406 1285 armis,

488 1338 524 1377 ns
624 1318 725 1381 Excidi
748 1327 778 1381 et
798 1339 925 1398 quururn
948 1328 977 1383 tc
999 1321 1105 1399 pudet,
1128 1320 1287 1397 llclretios:

556 1418 659 1482 Nullus
681 1422 711 1481 iu
732 1420 806 1483 erbe
827 1421 911 1486 locus
932 1425 984 1503 qui
1005 1441 1053 1484 me
1074 1441 1135 1484 non
1156 1424 1270 1483 neverit
1290 1425 1379 1494 omni,

627 1523 763 1592 Neritin
785 1525 928 1585 immense
951 1532 997 1585 est
1017 1524 1111 1587 insula
1133 1526 1216 1605 siqua
1241 1527 1339 1586 maris.

556 1624 618 1686 Una
640 1632 729 1704 caput
750 1627 851 1687 mundi
874 1627 982 1687 meruit
1003 1645 1068 1689 mea
1090 1626 1183 1687 Roma
1205 1629 1312 1697 vecari,

490 1745 527 1787 raa
627 1727 692 1789 Non
715 1735 783 1789 tuus
804 1728 861 1791 lruc
882 1729 1004 1791 Rhenus
1026 1730 1089 1809 ipse
1102 1747 1219 1808 negare
1240 1736 1345 1806 potest.

555 1828 592 1890 lit
612 1831 686 1890 sinis
707 1831 784 1902 haee,
807 1831 886 1892 uncle
908 1830 1026 1892 esttibi
1048 1831 1139 1909 gloria
1161 1837 1255 1899 mnu,
1278 1831 1395 1908 periret

537 1989 540 1995 .
627 1932 702 2002 Quin
725 1934 788 2011 agis
809 1941 838 1994 et
860 1939 909 1994 tua
932 1940 1001 1993 sunt
1022 1935 1105 2012 siqua
1127 1932 1251 1993 tenenda
1273 1939 1375 2010 putas:

555 2033 621 2096 Non
643 2053 697 2113 ege
721 2033 764 2095 rel
786 2036 884 2113 magni
906 2036 1040 2113 precium
1060 2034 1112 2095 tibi
1134 2033 1190 2095 rile
1211 2032 1329 2100 laboris.

489 2154 526 2195 res
626 2136 690 2197 Nun
714 2156 768 2216 ege
791 2155 843 2198 ere
865 2137 951 2197 llarti
974 2155 1062 2198 causa
1082 2135 1220 2215 pudenda
1242 2142 1302 2197 tue.

555 2238 598 2298 An
621 2240 686 2318 qrris
708 2237 788 2300 mille
810 2246 888 2300 rates
910 2257 965 2317 pro
988 2240 1113 2318 coniuge
1134 2239 1215 2300 ducit
1236 2238 1265 2300 in
1291 2239 1389 2308 armis,

625 2340 671 2402 'lu
692 2339 770 2402 helle
792 2340 947 2419 pulchram
968 2359 1028 2401 nen
1050 2342 1125 2419 petis
1146 2339 1275 2401 ltaliam?

554 2442 585 2503 Si
607 2442 765 2523 quaerenda
786 2442 896 2513 fureur,
919 2450 1038 2522 poteras
1059 2442 1176 2503 aliunde
1197 2444 1316 2511 merari,

486 2566 525 2606 no
623 2544 708 2606 Nunc
728 2544 796 2613 tihi,
820 2564 888 2606 cum
911 2553 959 2606 tua
982 2546 1053 2615 siin,
1076 2545 1171 2623 prima
1192 2543 1317 2604 tenenda
1339 2544 1390 2606 lui.

538 2646 598 2708 ιΤιι
621 2654 709 2724 caput
730 2666 762 2708 es
783 2647 898 2716 llumae,
921 2647 1024 2708 muudi
1046 2653 1133 2724 caput
1154 2645 1203 2707 illa
1223 2652 1353 2719 vacatur,

625 2747 670 2810 ah
693 2767 760 2829 age,
783 2751 834 2829 qui
855 2767 956 2810 rerum
980 2768 1025 2819 es,
1048 2749 1146 2809 emnia
1166 2749 1265 2816 uince,
1291 2755 1388 2825 caput,

552 2851 609 2912 Aut
630 2850 688 2912 hec
709 2853 733 2911 si
754 2852 878 2912 niuriuru
900 2858 958 2922 est,
982 2850 1084 2912 saltem
1106 2849 1178 2912 illud
1199 2851 1282 2912 vince
1303 2849 1422 2921 tuendo,

487 2974 523 3014 in
623 2952 688 3026 Quo
710 2951 781 3014 nillil
803 2952 924 3015 uberius
946 2956 1091 3015 maximus
1113 2952 1193 3014 erbis
1215 2951 1313 3014 habet.
1423 3006 1427 3014 .

553 3057 646 3119 Causa
668 3057 763 3134 gravis
784 3055 866 3126 belli,
888 3057 991 3118 victuri
1013 3055 1138 3117 maxima
1160 3053 1224 3116 laus
1247 3062 1291 3118 est

623 3158 781 3220 Praedones
802 3159 884 3220 Latio
906 3157 1017 3236 pellere
1038 3157 1076 3218 ab
1098 3159 1232 3236 irnperio,

550 3261 716 3323 Romanum
738 3262 868 3321 furmure
889 3266 1011 3331 statum,
1034 3260 1136 3320 ucisse
1157 3260 1310 3338 superbos,

485 3381 521 3421 ns
621 3364 659 3425 Et
679 3363 797 3425 tandem
820 3362 943 3424 Rumam
965 3362 1127 3423 restituisse
1148 3361 1213 3422 sibi.

551 3465 616 3527 Huc
637 3465 707 3526 ades
729 3472 759 3526 et
779 3465 895 3526 medice
918 3481 991 3543 cape
1012 3464 1132 3543 praemia
1153 3481 1266 3526 summa
1289 3462 1399 3534 labore,

622 3566 722 3629 Dicam
744 3585 846 3629 ornnes
867 3584 927 3628 unu
949 3574 979 3628 te
1000 3567 1144 3627 memisse
1165 3566 1271 3626 minus.

550 3669 685 3731 Ausoniae
707 3668 875 3732 lacerantur
896 3687 980 3748 opes,
1007 3668 1098 3729 decus
1119 3686 1207 3729 omne
1228 3667 1321 3729 Latini

482 3794 520 3833 1⁵2
619 3772 751 3834 Nominis
773 3780 894 3833 externe
916 3769 1059 3833 succuhat
1079 3769 1250 3849 opprobrie,
1339 3837 1347 3854 .

549 3873 636 3936 Pulsa
659 3874 754 3933 curnis
776 3874 858 3935 Latio
880 3874 987 3943 virtus,
1009 3872 1058 3934 lex
1080 3873 1137 3932 ima
1159 3871 1278 3942 resedit,

622 3974 719 4036 Mente
740 3974 812 4035 abiit
832 3976 965 4056 quisquis
986 3975 1124 4036 liberiore
1145 3974 1213 4044 luit;

549 4077 634 4139 Nuria
655 4078 725 4138 viris
746 4095 864 4139 mecum
885 4095 995 4156 pueros
1016 4076 1078 4148 alu,
1101 4094 1226 4155 quaeque
1247 4084 1406 4156 supersunt

483 4201 521 4242 rsa
620 4180 746 4241 lntactas
768 4178 841 4241 Galli
864 4197 924 4240 non
946 4178 1067 4241 uoluere
1088 4197 1198 4250 nurus:

547 4282 677 4345 lulertur
697 4282 808 4343 teneris
828 4282 871 4344 vis
893 4282 1051 4368 cottidiana
1071 4279 1185 4360 puellis,

620 4385 685 4447 Nun
707 4385 779 4447 mihi
800 4393 949 4447 matronas
969 4401 1050 4447 nunc
1070 4382 1139 4446 licet
1160 4399 1225 4445 esse
1244 4381 1364 4463 probas,

452 4665 498 4741 ‘¹¹⁸
514 4711 598 4773 pente
612 4708 666 4758 1.2.
710 4709 882 4760 οωοίᾱίιὸ.
941 4705 980 4742 Μ
991 4706 1125 4774 im1iulsus
1139 4709 1212 4758 3...5.
1271 4706 1305 4742 ¹¹⁹
1322 4706 1494 4759 Cimbrorum
1506 4712 1532 4760 5.
1587 4707 1621 4742 ¹⁸⁸
1638 4709 1693 4760 Ex·

396 4791 461 4854 eidi,
474 4805 588 4857 quorum
601 4793 625 4841 1.
660 4792 711 4843 vis
723 4809 786 4844 mee
797 4794 922 4845 bellaces
934 4793 1061 4844 contudit
1070 4793 1152 4846 Helu.
1161 4796 1235 4844 3...5.
1265 4792 1455 4845 Helueciest.
1508 4793 1542 4827 ¹⁸⁰
1553 4782 1694 4846 Novitia-

303 4895 306 4902 ·
396 4876 507 4930 “cessi
529 4891 554 4928 ο.
568 4877 643 4927 a...5.
713 4876 746 4910 Ν
767 4881 887 4943 pretium
904 4882 961 4929 Μ.
1033 4877 1066 4912 ¹⁸¹
1082 4879 1191 4931 Bellum
1209 4879 1369 4931 Troianum.
1439 4877 1472 4912 ¹⁴⁸
1489 4879 1573 4930 nimis
1592 4895 1616 4930 e.
1631 4881 1691 4931 ω.

396 4958 430 4997 ¹⁴⁴
445 4958 556 5014 uiuite
592 4960 622 4995 ¹⁵¹
641 4962 840 5014 lacernam.
910 4962 943 4998 ¹⁵¹
961 4965 1114 5018 lexmea
1182 4963 1216 5000 ¹⁸²
1232 4966 1280 5018 vix
1292 4966 1320 5016 3.
1354 4964 1399 5017 uis
1416 4965 1620 5032 quotidiana&
