3917 5950
409 607 479 677 126
549 619 674 670 XXXIX.
694 624 1279 719 cocncrapnrraexnar.mammete.
1315 617 1426 671 XXXX.
1446 632 1696 668 aaasrananasir.

405 792 475 853 dum
497 797 597 851 ronua
612 789 791 867 Capnionem
812 786 971 865 promovit,
995 805 1098 849 verum
1119 806 1155 849 eo
1176 794 1275 849 tamen
1297 806 1418 866 sperare
1440 786 1551 867 aliquid
1573 782 1696 857 videtui,

405 893 483 973 quod
505 900 548 951 tot
569 893 626 951 iam
654 909 748 950 armos
772 888 852 949 litem
879 889 1023 966 producit.
1069 896 1099 950 et
1125 889 1265 951 liomanis
1291 891 1436 968 aurisugis
1463 888 1537 950 nihil
1567 891 1698 949 voracius

405 1001 463 1063 est,
494 993 579 1061 nihil,
609 993 660 1052 ubi
687 1010 809 1052 munera
837 989 1030 1060 obiiciuntur,
1061 989 1238 1052 mutabilius.
1282 991 1344 1052 lam
1370 998 1484 1052 certum
1508 998 1553 1052 est
1587 991 1697 1051 iudices

405 1094 504 1156 multis
530 1114 565 1154 ac
591 1094 750 1153 manifestis
777 1092 953 1170 praeiudiciis
979 1091 1107 1153 elevasse
1135 1093 1307 1170 Mogostrati
1331 1110 1457 1153 causam.
1514 1092 1622 1169 Sperat
1653 1090 1699 1151 ille

405 1205 500 1271 tamen
524 1194 651 1273 aliquam
672 1192 819 1254 hiantibus
841 1193 977 1254 CerberIs
1000 1195 1088 1254 ollam
1109 1194 1312 1264 obiecturum,
1336 1213 1392 1273 qua
1415 1194 1526 1254 aditum
1549 1193 1587 1253 ad
1610 1194 1730 1255 ricto-a

405 1300 478 1359 riam
500 1296 555 1357 sibi
577 1297 739 1375 patefaciat.
784 1295 900 1357 Utinam
922 1302 1069 1361 lrmtsacta
1091 1303 1155 1357 acta
1178 1302 1290 1366 essent,
1312 1313 1371 1376 quo
1386 1314 1423 1356 ne
1438 1297 1575 1373 suspensi
1591 1296 1698 1356 diutius
1754 1306 1758 1312 ’

405 1418 545 1461 essemus.
590 1397 668 1459 Vale.

850 1497 1227 1514 *-

422 1634 561 1671 aoroma.
926 1600 1169 1678 XXXVIIII.
1241 1673 1244 1677 ἴ
1487 1629 1510 1669 s.
1525 1634 1604 1669 aare.
1621 1628 1680 1669 aare.

1483 1690 1703 1700 ——.—

592 1720 732 1815 ioannes
753 1757 934 1815 cocinmvs
955 1761 998 1815 m
1020 1759 1213 1816 cinnanum
1234 1758 1510 1816 nmmunmmvu.

489 1880 566 1935 Mitto
589 1879 620 1934 ad
644 1885 685 1940 te,
709 1876 951 1934 observandissime
973 1880 1010 1935 mi
1031 1879 1139 1935 ‹lonriue
1161 1878 1302 1942 bilihilde,
1325 1878 1442 1934 Marcum
1465 1877 1578 1934 Muttoni
1601 1879 1729 1943 uostriw

405 1967 451 2042 qui
474 1965 526 2021 boc
549 1963 822 2038 vespere-nobiscum
845 1965 973 2026 aunarii,
997 1964 1102 2038 aliquot
1124 1964 1203 2021 nobis
1225 1981 1309 2020 novas
1330 1964 1447 2020 recitans
1462 1962 1596 2037 epistolas
1612 1963 1697 2019 multo

404 2069 466 2108 eum
488 2051 558 2111 risu,
587 2068 619 2105 er
650 2048 749 2122 quibus
770 2067 824 2104 una
846 2047 896 2123 per
918 2057 1004 2105 totam
1026 2050 1084 2105 lere
1106 2049 1275 2105 Germaniam
1297 2056 1477 2122 vagataest.
1510 2049 1606 2121 tuique
1635 2049 1698 2103 iacit

353 2185 359 2197 .
405 2137 583 2196 mentionem,
607 2134 679 2208 quod
701 2143 797 2189 contra
819 2151 929 2190 usuram
952 2135 1110 2210 scripseris,
1134 2152 1214 2209 quam
1230 2135 1361 2208 magister
1376 2141 1471 2189 noster
1485 2133 1633 2206 disputarit
1649 2133 1698 2187 llo·

405 2222 502 2278 noniae.
525 2228 607 2293 negat
630 2227 719 2275 tamen
734 2237 764 2274 se
779 2218 863 2274 libelli
879 2219 952 2275 illius
968 2229 1107 2278 auctorem
1123 2221 1150 2277 in
1166 2220 1317 2276 limaverim
1342 2218 1426 2275 ‘nullo
1441 2218 1537 2279 modo,
1561 2227 1604 2273 est
1619 2218 1698 2273 aleus·

405 2307 490 2363 met’·
520 2306 645 2361 Ceterum
666 2305 725 2359 eius
748 2304 864 2360 Marcum
887 2312 951 2361 tune
973 2314 1046 2362 reete
1074 2305 1203 2379 accipies,
1232 2323 1326 2379 quum.
1342 2305 1419 2379 prius
1446 2303 1548 2376 legeris
1571 2302 1730 2362 Sabellieiu

404 2408 513 2448 carmen
535 2390 568 2446 de
590 2390 755 2445 Venetorum
777 2397 840 2446 ortu
867 2407 897 2446 ac
919 2391 992 2448 fato:
1020 2391 1059 2447 nil
1082 2392 1154 2446 euim
1177 2391 1276 2464 quaerit
1298 2391 1350 2445 iste
1372 2389 1487 2450 Marcus,
1517 2389 1570 2444 nisi
1594 2388 1698 2444 irrisio·

406 2494 467 2532 uem
489 2493 583 2532 eorum
602 2471 748 2530 iactantia.
793 2475 913 2531 Mirabile
935 2477 1061 2550 prolecto
1083 2477 1148 2531 mibi
1171 2475 1278 2531 videtur
1299 2475 1416 2531 bominis
1447 2473 1601 2546 ingenium,
1630 2491 1698 2548 prae·

405 2562 499 2618 sertim
523 2561 549 2614 in
572 2558 708 2614 illudendo
730 2559 844 2615 aliorum
868 2561 999 2616 stultitia:
1028 2561 1094 2617 ioeis
1123 2568 1209 2619 scatet
1236 2557 1263 2616 it
1286 2560 1397 2615 salibus.
1427 2559 1627 2632 quamprimum
1650 2559 1698 2613 bo·
1769 2561 1774 2570 '

405 2646 504 2701 minem
526 2645 629 2705 auilivi,
658 2643 773 2700 alterum
800 2645 854 2700 dixi
883 2663 943 2701 esso
965 2647 1111 2703 lucianum
1113 2688 1241 2700 .....
1265 2645 1323 2701 ltali
1351 2644 1491 2719 pecuniam
1521 2651 1650 2717 quaeruut
1671 2650 1698 2698 et

319 2721 325 2735 '
405 2747 539 2805 pompam.
563 2746 699 2804 nimquam
727 2747 775 2784 eos
798 2730 865 2785 tanti
890 2731 984 2787 faciam
1006 2738 1147 2805 expertus,
1177 2731 1271 2805 quanti
1298 2730 1350 2786 leci
1379 2736 1473 2785 antea:
1503 2728 1582 2784 lucus
1606 2737 1649 2783 est
1671 2734 1728 2787 etto

404 2815 555 2877 simulatio,
578 2816 618 2871 uti
641 2833 728 2889 nuper·
749 2815 891 2889 scripsisti.
914 2817 985 2872 Bene
1007 2816 1066 2871 vale
1088 2816 1169 2872 etad
1191 2817 1299 2889 priores
1314 2815 1391 2877 mibi,
1415 2813 1461 2869 ubi
1475 2813 1586 2869 dabitur
1601 2814 1697 2876 ocium,

404 2901 539 2976 responde
561 2900 663 2956 literas.
707 2900 744 2955 Er
766 2895 903 2957 Bononia·
917 2908 941 2962 9.
958 2902 1002 2957 die
1025 2901 1206 2977 Septembris,
1229 2917 1300 2957 anuo
1322 2899 1424 2957 domini
1448 2905 1524 2959 1516.

675 3068 841 3118 XXXVIIII.
861 3068 1017 3117 Heumann.
1038 3070 1107 3131 (Ind.
1123 3067 1190 3117 bibl.
1203 3084 1230 3120 n.
1243 3067 1297 3131 70.)
1310 3084 1336 3132 p.
1352 3065 1421 3131 l.sq.

1049 3135 1454 3148 -------·--

851 3219 1248 3236 ’,ὓ-.-

422 3356 569 3390 euoenon.
893 3365 897 3373 ·
935 3338 938 3348 '
968 3326 1134 3400 XXXX,
1381 3359 1384 3366 ·
1465 3346 1497 3387 19.
1512 3353 1573 3388 ocr.
1589 3336 1681 3403 (15167)

523 3479 754 3535 WOLPMXMGVS
776 3480 864 3536 lelT
887 3483 1141 3540 CAESEMBERGIVS
1162 3482 1284 3539 DOMINO
1307 3433 1486 3537 ERASMOM
1502 3479 1531 3534 P.
1547 3479 1575 3533 ll.
1707 3510 1730 3549 25

488 3599 601 3654 Obscuri
623 3599 671 3654 viri
694 3600 725 3654 ad
749 3610 866 3673 myrtum
888 3611 1016 3659 canentes
1038 3604 1108 3678 apud
1130 3620 1173 3658 me
1196 3603 1224 3658 in
1246 3600 1333 3656 sterili
1355 3616 1436 3656 arena
1459 3599 1514 3654 orti
1538 3599 1631 3655 fronte
1647 3600 1698 3654 iam

403 3684 548 3759 perfricata
571 3685 597 3739 in
621 3692 696 3740 tuum
718 3694 894 3758 conspectum
916 3689 1027 3762 prodire
1049 3688 1159 3752 volunt,
1182 3687 1300 3760 dumque
1322 3686 1347 3741 id
1370 3683 1466 3741 sedulo
1488 3683 1636 3756 probibere
1652 3702 1698 3739 ro·

446 3866 556 3915 XXXX.
582 3867 689 3915 Erasmi
708 3868 913 3933 Eppllppend.
928 3853 1210 3922 num.cccxxx'1x.
1226 3869 1276 3919 eol.
1294 3868 1366 3917 1777.
1385 3866 1444 3916 Ind.
1457 3865 1526 3915 bibl.
1539 3866 1576 3915 nl.
1593 3866 1658 3927 bilo.

436 3934 1662 3962 -r———————-—-—-—-————-—

471 4003 493 4037 ¹⁰
510 4001 643 4068 blancum]
666 4004 1025 4067 cs.1na.oiti.n⁰.xx.a.
1078 4009 1207 4059 Coriolanus
1229 4023 1330 4056 canneta
1352 4019 1426 4055 anana
1448 4007 1571 4068 emption
1589 4008 1698 4055 miserit.

404 4089 425 4125 ¹²
442 4088 506 4155 una]
530 4083 589 4141 Valt
607 4093 738 4153 epistolam
756 4089 879 4154 ertpa‘stra'
895 4092 1037 4158 scraoraff,
1061 4092 1131 4157 Epp.
1144 4092 1272 4141 obscrato.
1281 4098 1354 4157 port.
1367 4089 1455 4147 II.9.,
1480 4089 1523 4138 aba·
1539 4094 1565 4138 in
1583 4096 1695 4139 cornetae

403 4179 562 4242 rapinarum·
577 4178 671 4238 tepitur
687 4176 777 4225 versib.
793 4179 836 4225 39.
849 4193 906 4243 sqq.

522 4262 601 4312 Tunc
614 4296 680 4310 .....
693 4263 810 4312 transivi
828 4263 863 4312 ad
881 4263 1083 4327 Numbergem,
1127 4251 1136 4266 ⁵

521 4347 577 4397 Ubi
595 4347 706 4412 quidam
718 4348 929 4410 Pirelrbeymer,
966 4348 1012 4412 qui
1030 4362 1084 4395 non
1102 4350 1145 4396 est
1156 4346 1306 4410 Magister,

521 4434 603 4482 Fecit
619 4432 688 4481 mibi
706 4433 879 4497 instantiam:
915 4431 964 4480 sed
983 4431 1076 4481 audivi
1095 4426 1239 4493 ibi'clam‚

522 4518 601 4579 Quod
619 4532 680 4566 cum
698 4517 791 4566 multis
809 4516 894 4567 sociis
929 4516 1100 4581 inpartibus
1118 4515 1236 4570 dirersis

521 4603 625 4666 Magna
643 4603 672 4650 in
690 4603 881 4652 coniuratione
917 4600 1004 4651 vellet
1022 4605 1097 4651 staro
1115 4615 1164 4667 pro
1183 4601 1339 4666 Capnione,

522 4686 559 4733 Et
576 4690 673 4734 eontra
691 4686 848 4752 Theologos
882 4685 977 4735 facere
995 4685 1094 4736 multos
1112 4685 1207 4736 libros.

415 4822 424 4836 ι
522 4770 559 4817 Et
577 4768 631 4816 fult
649 4769 716 4817 mihi
735 4772 853 4833 dictum,
891 4771 962 4835 qnod
979 4772 1090 4821 noviter
1107 4785 1189 4820 unum
1207 4770 1306 4820 librum

431 4912 434 4917 ,
523 4852 641 4917 Scripsit
658 4853 692 4901 de
709 4868 806 4917 usura,
843 4870 924 4919 quam
942 4856 1078 4905 admittitt
1094 4855 1263 4921 Theologia‚

522 4938 601 4989 stent
617 4938 750 4989 Bononiae
769 4944 812 4990 est
829 4939 1011 5005 disputatum,
1049 4946 1077 4992 et
1093 4956 1143 5008 per
1160 4941 1310 5006 Magistros
1326 4943 1436 4991 nostros
1452 4939 1611 5006 probatum.
