3917 5950
362 642 436 714 364
507 656 639 706 CLXXX.
660 669 780 704 annenrr
795 668 860 704 noo.
875 668 911 703 nn
924 668 1036 703 neonem
1049 668 1091 703 re.
1106 669 1131 702 x.
1146 669 1224 704 uase.
1238 671 1264 704 n.
1279 671 1307 704 rr.
1322 671 1379 706 ree.
1394 653 1425 722 [l]
1441 664 1503 704 tane.

306 835 471 891 i.²·‹lomino
501 832 666 904 Hieronymo
694 829 844 890 nicandro,
878 827 982 883 nuntiis
1012 828 1164 884 sanctitatis
1196 837 1302 885 restra.
1352 828 1445 885 Primo
1479 827 1648 902 significatur.

361 917 583 993 quemadmodum
611 915 739 970 sanctitas
761 922 851 968 restra
877 913 987 968 domitio
1010 912 1162 969 Caracciolo
1191 914 1330 987 negotium
1357 915 1465 970 dederit
1493 923 1522 969 et
1549 912 1649 969 ahmam

361 1004 463 1061 daverit
486 1001 612 1058 nuncium
630 999 662 1054 ad
678 998 826 1054 Caesaream
850 998 1030 1059 maiestatem,
1053 997 1126 1070 quod
1148 997 1223 1059 illum
1247 998 1311 1054 mibi
1333 1008 1442 1072 gratum
1466 997 1649 1059 intellexisset

361 1089 496 1160 simulque
527 1102 616 1141 rosam
647 1101 755 1139 auream
784 1091 968 1139 consecratam
997 1083 1182 1155 gratissimum
1210 1101 1308 1139 muniis
1336 1085 1408 1140 dono
1432 1084 1535 1146 mittit;
1567 1083 1651 1139 altero

361 1174 486 1247 precipit
508 1170 636 1226 sanctitas
659 1178 761 1229 restra,
785 1177 814 1222 ut
837 1168 922 1223 eidem
944 1164 1239 1230 domiuoCaracciolo‚
1262 1169 1359 1225 deiude
1382 1169 1479 1232 tertio,
1505 1178 1536 1224 nt
1557 1177 1585 1224 et
1604 1169 1669 1223 det

363 1259 435 1313 mino
469 1256 634 1326 Hieronymo
665 1253 799 1308 nicandro
833 1253 932 1308 rrrrneio
966 1252 1110 1326 poenaliter
1142 1253 1226 1308 misso
1259 1254 1291 1309 ad
1325 1255 1525 1326 exsequendam
1555 1252 1651 1309 bullam

362 1342 483 1397 Ltrtlrerii
511 1339 657 1411 diiigenter
685 1347 712 1393 et
741 1338 863 1393 studiose
885 1337 985 1399 adsim:
1023 1345 1120 1410 quarto
1148 1355 1212 1393 vero
1242 1338 1408 1412 prescribit,
1439 1357 1493 1411 qua
1522 1338 1564 1393 via
1591 1337 1652 1392 mihi

291 1430 293 1434 '
363 1425 539 1482 incedendum
563 1424 595 1478 ad
618 1425 758 1478 excitatam
782 1441 796 1477 a
819 1423 948 1477 Lutlrerio
971 1422 1087 1477 haeresin
1109 1423 1346 1496 exstinguendam
1374 1433 1519 1497 postremo
1542 1423 1574 1478 de
1590 1422 1653 1477 llut-

307 1520 428 1570 §.arene
451 1508 657 1583 compescendo.
700 1507 838 1579 Principio
860 1506 966 1579 itaque.
990 1506 1144 1562 beatissime
1166 1516 1256 1581 pater,
1281 1507 1367 1563 habco
1382 1509 1499 1581 gratiam
1515 1496 1652 1562 maximam

362 1595 499 1651 sanctitati
522 1602 632 1652 restrae.
663 1601 718 1646 tum
742 1593 813 1663 quod
836 1590 974 1646 dominum
996 1590 1177 1647 Caracciolnm
1200 1593 1305 1648 miserit
1327 1594 1469 1653 nuncium,
1497 1601 1528 1647 ut
1550 1592 1680 1647 rideturtt

363 1682 489 1736 idoneum
513 1686 540 1732 et
563 1677 657 1732 utilem
681 1676 817 1731 sanctitati
837 1683 946 1736 vestrae,
970 1676 1047 1731 euius
1069 1676 1192 1748 equidem
1215 1678 1347 1733 honorem
1370 1686 1398 1733 et
1419 1677 1592 1733 commodum
1614 1693 1654 1730 re·

363 1765 436 1838 spesi
460 1765 487 1818 in
511 1781 543 1817 eo
566 1761 732 1835 expetendo,
762 1769 817 1815 tum
841 1759 913 1832 quod
940 1777 1048 1815 auream
1076 1776 1179 1823 rosam,
1209 1763 1259 1817 boc
1287 1770 1330 1818 cst
1359 1761 1473 1818 solenne
1502 1779 1601 1816 munus
1628 1768 1653 1814 et

363 1850 452 1904 animo
475 1864 535 1903 mee
558 1846 640 1918 leuge
664 1845 783 1900 omnium
805 1844 999 1916 gratissimum,
1022 1846 1176 1906 donaverit,
1204 1865 1264 1919 quae.
1288 1864 1332 1902 res
1348 1865 1419 1903 noro
1441 1845 1552 1902 vinculo
1568 1862 1653 1900 meum

364 1933 525 2006 obsequium
549 1939 645 1985 vestrm
673 1930 809 1984 sanctitati
832 1929 971 1990 astrinxit,
1001 1937 1032 1984 ut
1055 1930 1099 2001 qui
1123 1931 1226 2003 pridem
1249 1931 1286 1985 ini
1309 1931 1552 2004 diligentissimus,
1576 1929 1653 1984 modo

308 2032 354 2084 §.t
365 2019 414 2072 sim
438 2016 524 2072 multe
546 2014 704 2086 diligentior
726 2015 758 2068 ad
781 2013 941 2068 obedientiae
965 2014 1061 2070 cilicia.
1095 2014 1157 2069 Nam
1174 2015 1305 2070 hactenus
1327 2015 1391 2071 licet
1413 2016 1550 2074 iniussus.
1572 2013 1651 2068 debiti
1662 2024 1680 2064 ts

363 2113 453 2158 tamen
476 2117 578 2157 memor
600 2116 696 2169 magna
720 2098 864 2153 sedulitate
886 2097 1019 2159 laborari,
1049 2115 1104 2154 uon
1127 2099 1215 2154 solum
1239 2100 1349 2155 llutteui
1372 2099 1482 2156 libellos
1505 2099 1654 2171 flagitiosos

362 2188 470 2243 auterre
492 2186 525 2241 de
548 2183 670 2240 manibus
692 2182 839 2243 lectorum,
863 2183 909 2255 qui
931 2182 1062 2256 publicati
1084 2191 1162 2238 erant
1184 2183 1340 2257 priusquam
1364 2185 1423 2240 eius
1444 2185 1484 2239 rei
1501 2182 1545 2239 cel
1570 2183 1654 2238 tentiis

363 2271 482 2344 suspicio
510 2270 542 2325 ad
570 2287 612 2324 me
640 2268 757 2327 veniret.
787 2268 834 2322 scd
863 2268 942 2322 etiam
972 2267 1194 2323 seditiosissimos
1222 2270 1330 2324 lurores
1358 2269 1482 2324 Lutherii
1512 2269 1653 2324 etiamnum

363 2356 557 2412 subnascentes
581 2353 736 2426 opprimere
759 2352 863 2412 studui,
893 2361 920 2407 et
947 2351 974 2406 in
1003 2353 1055 2407 boc
1083 2354 1276 2409 commonefeci
1306 2354 1421 2426 primurn
1446 2362 1579 2426 quantum
1601 2351 1653 2406 scio

366 2441 536 2496 sanctitatem
560 2447 677 2493 vestram
700 2437 746 2509 qui
769 2454 853 2498 rrrrnc,
883 2436 951 2509 proh
974 2436 1068 2498 dolor,
1093 2437 1245 2492 vastissimo
1268 2438 1383 2511 quodam
1406 2438 1536 2494 incendio
1558 2445 1680 2511 prope-tt

309 2525 474 2591 §.amodum
504 2523 655 2579 universam
683 2521 850 2576 Germaniam
878 2521 1079 2594 corripuerunt.
1124 2519 1251 2594 Equidem
1280 2527 1344 2577 'vero
1372 2521 1440 2577 nibil
1469 2539 1527 2579 non
1551 2520 1653 2579 tentari.

366 2610 437 2682 quod
461 2626 492 2663 ex
515 2607 630 2663 consilio
655 2605 846 2678 theologorum
870 2613 897 2660 ct
919 2605 1151 2678 iurisprudeutum
1180 2624 1334 2680 acceperam
1364 2608 1395 2662 ad
1425 2624 1482 2662 rem
1514 2608 1573 2662 iore
1594 2623 1654 2661 con·

365 2692 489 2749 decibile.
532 2691 666 2746 Praeterea
690 2689 835 2746 abalienari
859 2708 874 2745 a
895 2708 938 2744 ure
967 2707 1144 2763 quoscunque
1171 2691 1314 2747 olfeceram
1337 2690 1507 2747 abalienatos
1531 2708 1546 2746 a
1568 2689 1653 2745 studio

366 2777 517 2833 sanctitatis
546 2785 656 2837 vestre.
687 2776 758 2848 quod
782 2776 871 2831 ridere
895 2784 936 2830 est
964 2775 992 2829 in
1015 2775 1123 2830 lllricho
1147 2776 1281 2838 Hancne,
1311 2794 1398 2850 nuper
1419 2777 1562 2831 carissimo
1585 2774 1652 2833 milri.

366 2880 445 2935 quem
475 2860 607 2916 famulitio
635 2878 696 2915 meo
725 2860 815 2914 statim
844 2859 959 2921 exclusi,
988 2867 1132 2932 postquam
1162 2878 1233 2915 eram
1262 2862 1364 2917 certior
1386 2861 1476 2916 lactus
1499 2860 1533 2915 de
1555 2858 1678 2915 libellett

367 2964 445 3020 quem
469 2945 578 3019 scripsit
601 2947 627 3000 in
652 2945 903 3000 reverendissimum
926 2943 1089 3001 cardinalem
1112 2944 1137 2999 S.
1155 2944 1235 3007 Sinti,
1258 2947 1354 3003 deiude
1376 2963 1409 3002 es
1431 2944 1652 3020 llagdeburgensi

366 3033 475 3088 dicecesi
498 3032 663 3103 llogtrntiam
687 3048 812 3085 resersus
834 3030 949 3102 cognovi
972 3029 1149 3085 alnmriuanda
1172 3031 1294 3103 quaedam
1317 3029 1350 3086 ab
1373 3031 1468 3087 eodem
1493 3030 1549 3085 illie
1572 3028 1653 3104 publi·

310 3126 423 3186 §.ecata
452 3126 479 3172 ct
508 3133 603 3172 creusa
632 3133 646 3169 a
669 3116 725 3170 cire
749 3115 864 3187 quodam
887 3113 1055 3186 lllognntino.
1099 3114 1170 3169 Nihil
1197 3116 1276 3188 potui
1305 3116 1331 3170 in
1360 3114 1525 3178 lluttcnum‚
1555 3113 1601 3188 qui
1628 3130 1653 3167 se

364 3201 552 3257 ueneritissimis
568 3199 675 3255 arcibus
700 3200 724 3253 in
749 3200 820 3254 lumc
841 3215 928 3271 usque
950 3198 1020 3253 diem
1044 3199 1180 3261 continet,
1203 3207 1231 3254 et
1253 3199 1428 3256 lectissimam
1452 3216 1561 3255 manum
1583 3197 1654 3272 equi·

365 3296 436 3346 tum,
461 3294 490 3340 ut
512 3285 606 3345 audio.
630 3301 798 3356 congregare
821 3290 914 3356 potest
938 3283 1045 3355 quotics
1068 3284 1092 3337 ei
1115 3282 1230 3339 lubitum
1253 3292 1308 3345 est.
1339 3284 1406 3340 adeo
1430 3292 1460 3339 ut
1482 3284 1549 3339 milri
1571 3292 1679 3358 propett

364 3370 542 3427 formidabilis
565 3370 609 3424 sit.
654 3368 701 3441 Egi
732 3368 804 3441 quod
832 3386 887 3422 res.
905 3366 983 3422 tulit:
1013 3367 1114 3424 emisse
1137 3367 1271 3431 Huttene,
1299 3369 1377 3425 cuius
1404 3369 1498 3442 copia,
1529 3369 1569 3423 uti
1595 3367 1653 3427 diri.

365 3474 418 3510 mm
443 3463 514 3515 crat.
539 3454 663 3508 iniuriam
686 3459 844 3509 attentatam
870 3452 896 3505 in
919 3451 1084 3525 impressore
1106 3452 1249 3515 vindicavi,
1273 3471 1353 3526 quom
1377 3471 1448 3508 noro
1464 3451 1588 3526 exemplo
1610 3469 1655 3525 per

281 3539 283 3543 ’
366 3540 476 3595 lictores
500 3540 526 3592 in
548 3555 683 3593 carcerem
706 3537 879 3592 durissimum
901 3536 1080 3591 coercendum
1102 3538 1207 3598 curavi,
1232 3537 1440 3593 obsecrantibus
1462 3538 1544 3593 etiam
1567 3536 1654 3592 multis

309 3642 398 3693 seen
421 3622 580 3697 proceribus
603 3640 636 3677 ne
659 3623 783 3677 lacerem.
829 3621 926 3676 Deinde
948 3621 1019 3681 cavi,
1049 3637 1082 3674 ne
1111 3622 1171 3694 quis
1200 3622 1333 3677 eiusmodi
1360 3622 1560 3677 contumeliosa
1582 3630 1609 3677 et
1630 3622 1653 3675 in
1692 3671 1695 3676 .

365 3707 570 3765 diminutionem
593 3706 763 3762 auctoritatis
786 3715 886 3761 sanctae
908 3705 980 3759 sedis
1003 3705 1129 3760 Romanae
1151 3706 1252 3779 scripta
1275 3707 1402 3763 venderet
1425 3714 1472 3761 aut
1489 3715 1592 3762 emeret
1607 3704 1680 3762 satu

365 3794 432 3848 urceis
454 3791 623 3847 dimcesibus.
668 3792 726 3857 Quo
749 3791 838 3845 edicto
861 3788 940 3844 simul
963 3788 1120 3867 complexus
1149 3808 1207 3846 sum
1230 3791 1397 3853 Lutlrerana,
1428 3792 1537 3846 tametsi
1561 3808 1591 3846 ea
1612 3808 1653 3845 su·

310 3878 475 3951 peperiore
504 3893 574 3930 anuo
602 3875 800 3930 studiosissime
829 3873 1024 3947 prohibuerim.
1069 3874 1201 3930 Caeterum
1231 3876 1294 3947 quid
1323 3875 1437 3930 subinde
1465 3883 1581 3931 cenatus
1608 3876 1653 3930 sim

365 3962 434 4035 apud
463 3960 585 4033 reliquos
614 3959 764 4032 principes,
794 3957 956 4031 perlongum
985 3965 1027 4012 cst
1055 3975 1179 4022 narrare;
1202 3966 1322 4016 ‚tantum
1343 3960 1417 4020 dico,
1447 3960 1519 4015 sicut
1542 3977 1586 4015 res
1607 3968 1653 4019 est,

365 4053 393 4101 et
414 4054 511 4100 restrae,
534 4044 671 4099 sanctitati
693 4060 851 4115 persuasum
874 4060 1039 4115 magnopere
1061 4042 1154 4105 velim,
1183 4042 1287 4099 nullum
1310 4061 1353 4099 me
1378 4043 1497 4117 lapidem
1525 4062 1579 4100 non
1602 4061 1654 4099 mo·

309 4131 434 4194 §.unisse
468 4129 589 4200 nihilque
622 4128 765 4200 reliquisse
793 4128 968 4187 intentatum,
1002 4134 1032 4181 ut
1060 4128 1250 4184 incrudescens
1278 4128 1377 4184 malum
1404 4137 1555 4184 arceretur.
1598 4129 1679 4196 [tuoe

364 4214 471 4286 quidem
501 4213 609 4267 nemine
638 4212 739 4267 multos
767 4228 854 4284 cogor
880 4211 960 4266 nimis
987 4212 1137 4284 iniquiores
1166 4212 1252 4275 ferre,
1282 4213 1327 4286 qui
1350 4214 1464 4268 diverse
1488 4214 1599 4270 factioni
1621 4213 1652 4266 ri·

363 4300 463 4354 deutur
490 4298 613 4357 studere,
644 4314 760 4370 quorum
789 4294 912 4351 nonnulli
942 4294 1115 4351 blandissime
1143 4306 1331 4359 commonent,
1364 4298 1398 4353 de
1427 4297 1512 4370 lapsis
1538 4297 1653 4353 moribus

363 4383 455 4437 neseio
479 4380 577 4453 qtubus
599 4381 783 4453 corrigendis,
814 4387 842 4434 et
864 4398 920 4453 prae
944 4397 972 4434 se
996 4380 1101 4441 lerunt,
1131 4382 1234 4436 utinam
1257 4399 1312 4437 non
1335 4382 1404 4438 salso
1433 4381 1553 4454 aliquale
1585 4382 1652 4456 pacis

363 4466 491 4520 studium.
538 4464 639 4520 ilerum
662 4474 751 4520 tamen
775 4464 835 4519 cedia
858 4471 970 4520 strenue
992 4472 1153 4526 contemno,
1177 4466 1345 4538 cogitatione
1367 4464 1575 4528 beneficiorum,
1599 4483 1653 4539 qne

365 4549 390 4603 in
414 4549 558 4620 rueplena
581 4550 653 4621 quod
676 4550 751 4604 aiunt
774 4566 852 4604 ritanu
875 4548 969 4604 elindit
991 4548 1130 4604 beatitudo
1153 4559 1241 4605 restra
1270 4550 1356 4606 inulto
1378 4549 1511 4623 plurima.
1541 4564 1677 4623 qnorumu

365 4632 493 4686 memoria
516 4650 625 4705 semper
646 4634 748 4689 extabit
770 4632 840 4706 apud
863 4650 905 4687 me
927 4648 1036 4692 recens,
1067 4641 1094 4687 ct
1118 4633 1302 4696 extimulabit,
1330 4634 1352 4689 si
1375 4633 1480 4707 alioqui
1503 4636 1594 4708 segnis
1615 4651 1652 4689 es·

296 4726 436 4776 alensem.
466 4715 499 4768 ad
522 4715 740 4772 satisfaciendum
774 4718 801 4772 in
831 4716 956 4773 omnibus
984 4715 1118 4772 voluntati
1141 4719 1294 4775 sanctitatis
1317 4727 1423 4774 restrae.
1468 4718 1648 4787 Quamobrem

434 4873 562 4940 ¹Primo]
582 4893 607 4942 p.
622 4877 679 4927 357.
726 4878 848 4944 5tertio]
868 4880 1071 4930 cimenxxvr.
1119 4880 1397 4948 ⁸postr.]n.onxnx.
1447 4882 1646 4949 ¹³obsaquiar.

363 4956 386 4989 ²⁰
405 4957 541 5023 quondam
562 4960 587 5008 ³.
640 4958 661 4990 ³⁴
681 4962 723 5011 Cf.
738 4964 812 5013 inira
831 4964 867 5014 ad
885 4963 1179 5016 statuentem.
