3917 5950
478 649 559 703 CLV.
579 665 663 704 απτ.
676 665 714 703 ar>
726 666 840 704 reseis.
854 667 982 705 sverans
995 667 1083 706 esur.
1097 670 1132 706 ne
1146 671 1191 707 ru.
1205 672 1284 710 secu.
1298 673 1433 713 couseov.
1455 671 1514 717 iseo.
1569 651 1642 727 329

346 824 478 883 futurum
501 831 567 902 post
587 843 620 885 se
637 822 744 886 Christi
768 823 907 884 ricarium
930 824 979 903 qui
1001 843 1062 885 non
1086 843 1211 903 regnum
1235 836 1348 891 tantum
1366 850 1512 913 usurpare
1534 839 1564 899 in
1581 842 1643 902 aui·

346 945 425 989 mum
450 927 624 989 inducturus
645 929 697 996 sit,
721 944 822 987 rorum
843 926 964 1001 regibus
985 929 1071 988 etiam
1097 928 1266 991 Christianis
1288 935 1337 1010 qui
1360 952 1413 1011 per
1436 941 1642 1004 contumeliam

345 1028 521 1090 osculandos
553 1030 645 1108 pedes
676 1029 805 1089 obiicere
831 1030 920 1089 ausit?
955 1029 1031 1101 Quid
1063 1038 1164 1106 possut
1197 1032 1319 1131 iurem'ri
1354 1036 1520 1100 dissimilius
1552 1045 1708 1110 eutiutee

346 1149 431 1210 quam
455 1131 538 1193 illum
556 1132 654 1192 larare
676 1148 796 1191 suorum
819 1130 910 1207 pedes
929 1150 944 1190 a
964 1131 1079 1192 Christo
1103 1135 1228 1199 iussum,
1253 1135 1306 1194 bos
1325 1137 1360 1196 od
1383 1142 1571 1216 propriorum
1590 1163 1641 1223 pe·

325 1234 415 1295 ⁸dum
444 1233 558 1303 osenla,
588 1234 612 1294 si
640 1233 695 1295 diis
721 1231 831 1311 piaret,
862 1232 1044 1293 Christianos
1068 1252 1176 1310 eogere.
1202 1235 1367 1315 prinsipes?
1401 1239 1425 1300 0
1442 1253 1642 1321 praeposteros

345 1337 433 1411 igitur
453 1338 607 1413 peutilrees
625 1343 654 1396 et
676 1334 783 1413 quibus
800 1334 871 1395 uilril
894 1352 960 1394 euin
977 1334 1080 1404 Petro,
1105 1335 1175 1395 nibil
1192 1356 1259 1398 rrrnr
1275 1339 1391 1401 Cluisto
1411 1350 1455 1402 est
1471 1350 1641 1409 commune!

345 1438 401 1499 seu
426 1437 455 1497 lri
478 1445 588 1516 sprauto
609 1437 837 1498 venerabiliores
858 1444 956 1497 esseut
978 1437 1055 1513 apud
1073 1436 1251 1498 Christianos
1274 1459 1389 1511 omme,
1413 1446 1436 1504 si
1453 1465 1503 1505 eos
1518 1449 1641 1510 Ronram

344 1540 464 1601 reniens
493 1541 558 1618 quis
585 1539 750 1617 intemplo
779 1539 836 1599 diri
866 1538 944 1598 Petri
972 1538 1170 1616 supplieaules
1185 1542 1354 1611 inveniret,
1383 1564 1470 1623 qrram
1499 1551 1577 1627 quod
1605 1571 1640 1611 ex

345 1640 421 1701 mole
448 1640 588 1701 lladriani
614 1640 784 1702 bombardis
811 1641 983 1701 ‹letooautes
1009 1640 1236 1717 perhorremus!
1272 1643 1321 1705 ubi
1352 1650 1489 1709 monendi
1517 1660 1585 1712 sunt
1612 1661 1641 1713 et

316 1751 338 1792 ¹0
346 1744 401 1821 ipsi
422 1760 478 1821 per
491 1744 626 1803 raritatis
648 1744 882 1819 suggestionum,
917 1742 952 1801 ad
976 1759 1008 1803 se
1032 1751 1061 1802 et
1083 1743 1203 1803 redeant
1230 1745 1308 1805 ultro
1334 1751 1431 1826 potius
1453 1770 1531 1812 ruine
1553 1773 1640 1832 qrram

344 1845 431 1923 paulo
456 1853 523 1923 post
549 1848 651 1906 eoacti.
692 1845 835 1924 Tyrannio
861 1842 983 1921 reliquis
1008 1845 1141 1903 securius
1170 1854 1213 1904 est
1241 1854 1342 1910 tenero
1370 1853 1524 1928 imperium
1552 1870 1710 1933 quamtus.

344 1947 509 2025 deponere;
532 1948 685 2024 pontifices
703 1947 866 2012 lloruauos,
890 1944 969 2023 quod
995 1944 1090 2005 solum
1111 1945 1234 2007 odibiles
1258 1949 1325 2011 ierit
1349 1955 1474 2012 errarilim
1502 1959 1639 2028 studium,

344 2049 487 2128 siquando
510 2049 675 2116 deseratur,
707 2065 766 2107 non
795 2048 882 2107 modo
912 2045 1044 2124 perieulo
1071 2065 1130 2106 nou
1156 2057 1295 2126 exponet,
1328 2052 1379 2112 sed
1409 2056 1513 2132 eripiet
1543 2061 1638 2120 etiarn.

344 2154 453 2230 quippe
474 2153 616 2229 incipiunt
637 2168 741 2228 sapere
761 2151 817 2208 iam
839 2150 887 2227 qui
908 2166 961 2225 per
984 2147 1117 2208 fraudem
1142 2148 1272 2211 infatuati
1295 2160 1394 2221 eruut,
1418 2162 1446 2214 et
1468 2158 1570 2217 oeulos
1592 2179 1639 2220 re·

313 2254 456 2332 ”cipiunt
478 2271 553 2332 ques
576 2253 792 2331 superstitionis
817 2257 1015 2310 excaecaverat
1043 2268 1137 2309 error.
1184 2252 1293 2323 Quodsi
1321 2255 1357 2314 de
1384 2255 1552 2319 horninibus
1580 2277 1708 2328 nonen.

343 2355 552 2432 suspirandum
575 2356 661 2415 etiam
683 2354 844 2430 rideretur,
865 2359 962 2413 tarnen
986 2352 1097 2412 ultores
1120 2351 1166 2412 dei
1186 2354 1287 2414 oeulos
1303 2364 1436 2432 putarem
1455 2363 1638 2423 metuendos.

343 2459 392 2535 qui
413 2459 437 2517 si
461 2456 528 2517 olim
551 2458 636 2517 eieeit
656 2476 693 2518 ex
716 2454 825 2532 templo
845 2453 1011 2514 Solomonis
1040 2456 1091 2532 qui
1123 2472 1171 2515 res
1200 2455 1239 2515 ibi
1269 2457 1387 2518 frivolas
1415 2467 1444 2519 et
1472 2464 1640 2542 prophanas

343 2558 536 2621 emebantur.
558 2550 736 2627 vendebant,
765 2557 834 2635 quid
860 2574 911 2616 eos
935 2556 1022 2616 lariet
1043 2556 1092 2634 qui
1115 2558 1143 2616 in
1167 2556 1289 2620 ecelesia
1316 2579 1368 2620 sua
1392 2562 1470 2623 haud
1493 2566 1565 2627 eitra
1588 2567 1638 2628 de·

342 2659 506 2721 testalrilem
537 2659 613 2721 illius
641 2658 831 2736 pollutionem
861 2677 1014 2719 sacrorum
1042 2659 1128 2717 «tion
1158 2667 1320 2722 mereatum
1343 2663 1548 2727 instituerunt?
1581 2687 1639 2729 non

312 2762 385 2822 ”ab
408 2763 443 2822 iis
464 2762 579 2823 unieret
597 2763 710 2821 vineam
731 2779 814 2822 suam
836 2759 1043 2837 paterfamilias
1059 2756 1181 2818 eoelestis
1196 2769 1225 2820 et
1240 2761 1347 2824 loeabit
1365 2784 1430 2825 eam
1451 2767 1527 2837 aliis,
1548 2770 1640 2830 malos

341 2883 412 2925 rere
435 2864 511 2925 male
533 2864 654 2942 perdet?
687 2870 818 2923 autnon
846 2860 902 2921 beo
931 2860 1019 2921 iariet
1045 2861 1124 2938 qrrrul
1155 2879 1208 2938 per
1239 2882 1272 2922 os
1299 2865 1459 2926 Ezechielis
1488 2871 1639 2948 propbetas

342 2972 387 3028 est
407 2965 620 3027 comminatus?
653 2965 733 3035 „Pro
755 2975 812 3026 eo“
836 2965 928 3042 inquil
951 2963 1051 3041 “quod
1075 2962 1142 3024 loeti
1165 2971 1232 3025 suot
1251 2982 1358 3043 greges
1380 2970 1436 3029 mei
1460 2971 1488 3029 iu
1505 2975 1707 3050 rapinamgrs.

342 3077 393 3138 „et
414 3087 483 3129 ores
506 3086 580 3129 meae
599 3070 628 3129 in
650 3068 868 3128 devorationem
891 3067 1021 3126 omniurn
1042 3065 1201 3126 lrestiarum
1222 3070 1299 3143 agri,
1329 3072 1461 3148 eoquod
1486 3090 1544 3131 nou
1563 3082 1640 3134 esset

342 3178 477 3248 „pastor,
508 3188 606 3249 neque
635 3171 713 3230 enim
740 3170 937 3247 quaesiverunt
958 3175 1092 3244 pastores
1117 3184 1239 3243 gregem
1262 3188 1377 3236 meum,
1405 3173 1455 3232 sed
1480 3174 1640 3251 pascebant

307 3280 497 3351 ²⁵„pastores
518 3274 707 3349 semetipsos,
737 3277 767 3332 et
788 3287 895 3347 greges
917 3286 1000 3329 meos
1021 3287 1078 3327 non
1100 3268 1274 3345 paseebaut;
1303 3280 1475 3352 propterea,
1495 3284 1637 3353 pastores

341 3373 460 3443 „audite
482 3374 605 3434 rerbum
629 3374 754 3434 dourini:
788 3373 851 3432 beer
879 3371 949 3430 rlirit
976 3371 1112 3430 domiuus
1141 3371 1214 3430 deus
1251 3372 1337 3433 ‘Erre
1370 3393 1425 3451 ego
1459 3379 1520 3454 ipse
1549 3397 1638 3456 super

342 3460 498 3553 „pastores
520 3478 670 3553 requiram
692 3492 814 3552 gregem
838 3492 936 3545 meum
959 3472 995 3533 de
1020 3490 1107 3532 rrraou
1132 3491 1251 3542 eorum,
1276 3482 1304 3534 et
1326 3494 1442 3537 cessare
1465 3481 1584 3549 fariam,
1607 3490 1639 3542 ut

340 3576 438 3646 „ultra
462 3595 521 3637 non
539 3584 661 3655 poseant
674 3593 795 3653 gregem
814 3593 928 3642 meum,
950 3593 1005 3633 nee
1021 3581 1144 3651 pascant
1159 3574 1283 3650 amplius
1301 3585 1435 3653 pastores
1450 3584 1637 3661 semetipsos;

340 3688 390 3748 „et
412 3678 546 3740 liberabo
569 3697 689 3756 gregem
710 3697 809 3739 rnoum
832 3679 868 3738 de
891 3692 1080 3743 orreorum,
1104 3683 1133 3737 et
1153 3694 1213 3735 nou
1229 3679 1284 3737 erit
1300 3678 1375 3740 ultra
1396 3684 1436 3741 eis
1457 3686 1483 3743 in
1501 3685 1636 3745 eseam'.''

297 3777 463 3842 thuimus
485 3782 519 3841 iis
543 3782 620 3841 enirn
643 3783 672 3841 iu
692 3800 807 3848 eseam,
828 3799 883 3839 nee
901 3778 997 3838 debita
1014 3780 1106 3837 tenuit
1121 3796 1172 3837 eos
1186 3780 1351 3841 arrimurum
1369 3791 1538 3845 nostrarum
1554 3806 1634 3855 euro,
1647 3810 1704 3859 ers.

338 3883 389 3943 sed
412 3903 499 3944 arara
521 3884 653 3943 exercuit
675 3884 807 3959 peruuim
829 3888 937 3941 uostrre
960 3879 1076 3957 errpido.
1119 3899 1173 3939 nec
1199 3880 1268 3942 illud
1290 3886 1506 3961 qrnesireruut,
1532 3894 1563 3947 ut
1585 3907 1636 3948 sua

338 3984 470 4044 doctrino
498 3983 635 4044 meliores
660 4002 715 4043 nos
742 3985 890 4048 lacerent,
921 3982 972 4041 sed
997 3988 1027 4042 ut
1054 3981 1158 4041 ablotis
1182 3982 1267 4043 nobis
1294 4004 1366 4045 auro
1402 3994 1431 4046 et
1459 3995 1581 4064 argento
1605 4008 1636 4048 se

338 4084 565 4163 locupletarent,
596 4104 656 4163 quo
679 4087 797 4145 nornine
819 4103 910 4145 noras
932 4084 1037 4142 eolidie
1066 4085 1232 4144 exactiones
1255 4085 1404 4147 sormunt:
1439 4107 1505 4149 narn
1529 4097 1636 4166 proter

339 4187 365 4248 id
388 4186 468 4267 quod
490 4187 545 4247 sub
570 4186 720 4263 religionis
742 4186 810 4247 luco
832 4206 886 4264 per
908 4185 1041 4245 fraudem
1064 4185 1264 4253 abstulerunt,
1287 4205 1341 4264 pro
1364 4184 1478 4264 gratiis,
1502 4207 1557 4265 pro
1578 4190 1635 4248 dis-

306 4287 574 4366 ttpensatiouibus,
606 4307 661 4365 pro
683 4288 927 4355 mutationibus,
950 4305 1006 4365 pro
1024 4286 1302 4350 eomlonatiouilms.
1331 4307 1386 4367 pro
1402 4287 1635 4348 absolutionilurs

338 4396 367 4450 et
389 4390 419 4450 id
441 4407 537 4466 genus
560 4391 646 4467 nugis
669 4392 824 4468 pecuniam
852 4388 1044 4465 emulgendo,
1079 4406 1174 4465 nuper
1198 4389 1223 4446 ri
1253 4390 1339 4447 etium
1364 4396 1393 4447 et
1417 4388 1550 4448 rioleutiu
1574 4401 1701 4450 ere-§.rt

338 4499 446 4569 perunt
468 4493 648 4553 contendere
671 4494 826 4570 pecuniam
849 4492 903 4552 sibi
931 4489 1035 4550 deberi
1059 4507 1114 4566 pro
1137 4488 1230 4566 palliis
1254 4489 1483 4567 episcopalibus,
1510 4509 1634 4570 eamque

402 4728 683 4781 ’omnestr.3.4.
754 4727 776 4760 ¹⁰
799 4726 836 4794 et]
855 4734 886 4778 ut
899 4731 972 4777 2...4.
1045 4723 1141 4790 ¹³sed]
1167 4727 1281 4776 etant.
1354 4725 1632 4783 ¹⁷Sa10m0nisr...r.

335 4814 553 4879 profanare...s.
591 4814 612 4848 ¹⁸
625 4817 666 4866 eis
678 4816 753 4864 2...4.
789 4811 1107 4878 ”patrisfamilias-id.
1154 4807 1173 4841 ²¹
1190 4809 1367 4862 elzeeielisn.
1414 4811 1632 4868 ²²eommunice-

334 4903 378 4948 tus
392 4902 451 4950 Μ.
503 4901 558 4951 Pro
577 4917 610 4950 eo
665 4895 770 4964 eseam]
791 4893 1152 4948 razeclr.xxxl111.ss..;10.
1205 4894 1227 4927 ²⁵
1245 4895 1382 4962 posterea]
1402 4901 1456 4949 mei
1475 4902 1632 4953 addhibito.

334 4982 356 5015 ¹⁷
374 4982 488 5052 faciam]
508 5001 556 5036 sos
574 4987 635 5036 odd.
649 4984 706 5036 bibl.
759 4982 782 5015 ⁸²
800 4983 893 5035 oblato
912 4981 972 5047 (pro
986 4981 1080 5034 ablato
1093 4981 1130 5045 2.)
1149 4983 1255 5034 ridicule
1269 4984 1328 5032 M.
1381 4983 1403 5015 ³³
1422 4986 1631 5052 qnotidiel...d.
