3917 5950
399 620 448 701 20
636 638 711 688 VllI.
731 653 813 687 ouon
827 650 945 687 uvarum
957 650 995 684 u>
1008 646 1254 710 corundunam.
1278 644 1300 687 3.
1314 651 1393 688 reon.
1410 646 1467 688 soti.

881 710 895 733 Ο

398 818 515 890 amant,
540 815 639 869 omncs
658 810 712 870 tili
727 810 891 883 plurimum
912 806 1059 878 tribuunt,
1088 823 1188 866 omncs
1208 809 1239 866 in
1263 816 1291 867 tc
1311 824 1452 881 maqnam
1472 824 1552 884 spem
1570 825 1694 883 porunu,

395 919 551 992 pracipue
576 910 837 981 arclcinmndritoe,
871 925 997 984 qnorum
1025 911 1209 968 clementium
1238 910 1289 968 tior·
1309 927 1367 984 pro
1391 914 1511 970 numine
1537 913 1693 970 colerulam

397 1018 547 1078 contendit
560 1022 666 1092 paler,
695 1014 806 1087 quotics
826 1028 917 1071 nares
942 993 1082 1070 suldu’cit
1106 1019 1135 1070 ct
1163 1018 1257 1070 cutem
1286 1028 1344 1070 uon
1372 1014 1514 1086 relinquit
1541 1029 1594 1071 suo
1619 1015 1692 1071 loco.

329 1135 389 1186 §.ru
403 1120 487 1193 Quod
506 1132 575 1177 uero
599 1115 674 1174 nillil
699 1117 769 1174 ceris
791 1114 974 1173 tradiderint
992 1113 1138 1186 Zonnrio,
1165 1130 1250 1188 quem
1272 1115 1395 1188 quidam
1422 1131 1481 1174 nou
1505 1118 1577 1173 satis
1598 1116 1693 1188 perite

400 1223 539 1283 Cincium
561 1220 737 1290 nominauit,
767 1217 854 1276 debes
874 1223 905 1275 tu
925 1218 1089 1290 suspicari:
1120 1223 1259 1275 uteremur
1276 1219 1483 1292 circumspecti
1506 1226 1625 1291 putres,
1656 1232 1714 1275 nes

399 1327 584 1393 illudantur,·
605 1322 698 1394 aiunt,
721 1319 772 1378 ulti
793 1326 824 1378 tu
841 1319 932 1391 fidem
954 1320 1133 1390 servaveris,
1161 1320 1269 1393 optime
1291 1320 1329 1377 de
1350 1326 1399 1379 tuo
1418 1319 1515 1378 studio
1536 1321 1693 1378 literarum

330 1428 472 1488 §ssoede
491 1427 654 1486 considere.
698 1403 864 1488 Prodtebar
889 1437 936 1480 mc
957 1422 994 1479 de
1020 1420 1174 1479 monchis
1198 1421 1362 1480 decreuisse
1389 1422 1603 1496 supersedere:
1634 1437 1693 1478 non

396 1532 506 1606 parui:
525 1529 709 1604 propositum
729 1527 799 1586 uicit
815 1524 977 1583 trabeatos
1000 1523 1072 1582 milti
1092 1529 1185 1582 terrem
1205 1526 1400 1599 peoninruer
1420 1526 1590 1582 communis.
1622 1539 1695 1595 erpo

381 1635 490 1707 ipitur
511 1646 592 1690 cesso
613 1645 794 1703 causamque
814 1633 902 1686 totam
925 1625 1052 1684 Zonarit'
1065 1610 1303 1700 interpretationi
1319 1628 1463 1701 relinquo.
1480 1695 1485 1703 ⁴
1500 1642 1581 1701 paro
1595 1627 1693 1683 statim

331 1753 390 1803 §.ru
400 1736 557 1793 transitum
584 1732 628 1791 od
647 1733 740 1790 aliam
768 1730 967 1803 questionem.
1009 1728 1063 1786 Est
1081 1710 1208 1786 minim
1224 1730 1302 1787 colo:
1333 1731 1444 1802 quaeis
1467 1734 1498 1787 tu
1519 1729 1566 1787 leis
1587 1728 1727 1798 veroium
1766 1793 1771 1802 ,

397 1838 572 1896 conueniens
593 1841 636 1893 est
655 1833 759 1891 iisdem
779 1830 988 1905 respondeam,
1005 1845 1062 1903 qno
1077 1832 1205 1902 satisfiat
1218 1831 1305 1889 uerbo
1323 1830 1441 1890 Catonis
1460 1832 1536 1889 ¹Par
1553 1833 1627 1904 pari
1640 1847 1693 1886 re-

395 1938 495 2010 fero’,·
516 1939 562 1996 ivel
582 1941 613 1994 lu
630 1950 745 2008 quoque
762 1932 820 2004 sac
840 1935 943 1991 simile.
963 1933 1019 1991 scd
1032 1940 1167 1990 transeat
1182 1934 1271 2005 iocus,
1291 1936 1397 2008 polam
1419 1936 1542 2008 loquar:
1563 1938 1607 1990 est
1622 1932 1696 1989 milii

398 2045 431 2099 ul
451 2042 531 2100 tiolo:
553 2053 624 2097 nom
647 2039 710 2095 oola
731 2035 808 2104 illud
827 2035 908 2108 quod
924 2032 1066 2108 fortuna,
1087 2036 1148 2092 sice
1174 2036 1299 2107 aliquod
1316 2035 1415 2108 saliem
1433 2043 1490 2108 est,
1517 2034 1620 2107 offert:
1642 2051 1692 2092 se-

398 2142 500 2200 cunda
520 2146 550 2199 et
569 2139 697 2199 aduersu
717 2139 899 2209 discrimino,
922 2138 976 2195 illa
996 2152 1015 2194 a
1033 2137 1091 2194 diis
1110 2143 1186 2211 peto,
1208 2139 1265 2195 isto
1287 2149 1429 2212 quantum
1444 2149 1566 2217 possum
1584 2139 1692 2211 proci-

398 2244 500 2302 dentia
523 2245 595 2311 vitm·
615 2239 758 2315 qdicquid
778 2256 846 2297 uero
863 2254 975 2313 parum
994 2238 1126 2311 feliciter
1146 2242 1253 2312 arcuit,
1282 2242 1353 2314 quio
1376 2240 1464 2312 sacta
1490 2238 1605 2311 insecta
1624 2241 1694 2309 fieri
1704 2263 1726 2302 15

398 2352 557 2420 nequeunt,
584 2346 671 2402 iuria
688 2357 838 2417 prospera
862 2357 968 2427 pono,
992 2349 1020 2399 ct
1041 2340 1176 2412 fortunar
1200 2343 1321 2441 ostentio
1341 2344 1468 2401 mediam
1494 2342 1631 2415 diqitum,
1662 2348 1694 2397 ut

400 2463 497 2522 nuper
518 2448 548 2505 in
567 2448 659 2518 proci
678 2462 764 2516 caut,
787 2461 844 2518 quo
861 2447 921 2502 uita
941 2449 1030 2517 atque
1041 2442 1151 2515 fatalis
1170 2438 1246 2503 liora
1268 2447 1354 2504 iuxta
1374 2452 1471 2504 erant.
1507 2445 1582 2502 audi
1601 2460 1620 2500 a
1637 2442 1692 2500 Zo-

331 2553 488 2618 §.mnario
508 2548 651 2620 fortunas
677 2547 836 2605 hominm.
883 2545 1027 2605 Ceterum
1054 2548 1082 2605 si
1104 2547 1141 2605 dc
1162 2553 1222 2605 tuto
1249 2549 1326 2605 serie
1355 2549 1413 2606 mci
1436 2553 1529 2606 status
1551 2547 1623 2619 ficri
1651 2547 1693 2603 ris

397 2654 522 2724 certior,
542 2650 646 2725 pande
666 2666 756 2708 aures
777 2655 807 2708 et
825 2663 940 2707 summa
962 2649 1114 2707 duntaxat
1133 2650 1298 2708 intromitte.
1341 2651 1424 2707 uolui
1443 2651 1553 2708 inulam
1572 2664 1713 2720 messem,

394 2754 503 2826 facere
526 2760 554 2812 ct
575 2753 714 2824 daceficio
734 2753 848 2810 mereri
862 2751 1091 2824 pratitudinem,
1116 2748 1305 2825 quamohre'm
1326 2750 1449 2810 discessi
1472 2751 1511 2810 ab
1532 2751 1728 2813 illustriorum

398 2857 553 2932 discipulis
575 2858 735 2929 impetrata
757 2854 925 2917 dimissione
947 2856 1062 2913 nolente
1083 2856 1194 2913 uolente
1211 2859 1302 2928 patre
1328 2860 1357 2913 et
1378 2834 1459 2912 redii
1484 2854 1527 2912 od
1547 2852 1693 2927 Erplrur-

399 2958 481 3018 dium
503 2960 533 3017 in
557 2959 735 3017 consortium
757 2956 907 3017 dominum
928 2957 1120 3016 similitudine
1141 2957 1306 3017 studiorum
1328 2958 1467 3032 parium:
1496 2956 1576 3031 quod
1599 2971 1694 3029 qenus

398 3061 517 3120 uiuendi
535 3077 589 3133 epo
611 3061 807 3120 arctissimum
827 3062 964 3120 socictate
985 3060 1226 3119 mcurrdissimum
1245 3076 1305 3135 pro
1330 3062 1472 3133 cuiusque
1495 3066 1583 3118 relate
1609 3060 1694 3127 druco,

334 3172 435 3230 §.met
455 3163 579 3222 Marcus
595 3169 693 3236 putat.
745 3162 853 3221 Verum
874 3176 944 3237 cum
963 3161 1005 3221 idi
1022 3164 1122 3221 omnia
1148 3163 1367 3222 discordiarum
1392 3164 1498 3237 plena,
1527 3162 1695 3220 discedente

395 3266 481 3341 plebe
499 3280 518 3322 a
537 3265 675 3338 patribus
688 3264 863 3338 cottidieque
879 3279 955 3322 nouo
970 3266 1114 3337 moliente,
1131 3280 1189 3340 non
1205 3271 1296 3323 lutum
1311 3262 1467 3324 uidebatur
1485 3266 1602 3323 uersari
1617 3266 1727 3334 interp

398 3383 482 3426 enses
509 3373 597 3441 atque
621 3382 681 3439 pro
709 3369 826 3424 acclamo
849 3364 969 3437 serrum
997 3373 1145 3474 tractare,
1178 3368 1310 3441 proinde
1336 3369 1470 3426 semestri
1494 3368 1591 3442 spolio
1617 3367 1697 3440 capi

398 3470 530 3541 copitarc
556 3482 614 3540 quo
637 3470 757 3526 consilio
783 3467 965 3543 subriperem
994 3485 1040 3550 mc
1063 3469 1311 3546 turbulentissima
1340 3469 1501 3542 Clearilde,
1525 3470 1694 3544 prasertim

331 3572 460 3640 §.mium
482 3587 514 3628 se
534 3571 696 3628 inclinante
713 3571 836 3642 callepio
857 3570 1006 3630 lominum
1027 3573 1220 3631 literatorum.
1254 3571 1304 3644 Ita
1328 3588 1440 3632 maciem
1462 3573 1606 3647 capitanii
1626 3570 1695 3628 red·

397 3672 626 3731 diuturniora
654 3688 673 3728 o
703 3671 864 3741 luidonis·
893 3674 1000 3731 adrolo
1022 3673 1120 3763 media
1145 3673 1265 3749 qucme,·
1292 3675 1463 3733 aduenienti
1483 3680 1723 3749 proponuntur.

396 3774 577 3834 conditiones
598 3775 713 3840 nudum·
736 3773 954 3847 displicuerunt
972 3792 1088 3835 omncs:
1110 3792 1183 3851 erpo
1202 3776 1356 3835 rediissem
1377 3778 1407 3834 iu
1424 3776 1613 3849 Durinqiam,
1636 3777 1728 3839 nisis„

464 4025 475 4058 ⁴
492 4026 534 4076 Ad
545 4025 663 4074 Fabium
673 4018 1053 4094 zonarium'Chrysopoiiuam
1069 4028 1187 4094 (Gir-tier
1204 4047 1251 4081 ron
1265 4030 1423 4096 Inpolstudt)
1443 4031 1613 4097 epigramma
1632 4037 1693 4096 post

396 4114 514 4164 Hutteni
526 4112 645 4178 priorem
657 4112 801 4162 Neminem
814 4113 926 4178 legitur.
946 4114 1016 4165 vide
1031 4114 1106 4181 prii.
1159 4113 1291 4179 *qualem
1311 4120 1335 4167 1.
1350 4119 1375 4165 2.
1430 4114 1607 4167 ⁵Verendum
1627 4121 1651 4167 t.
1666 4120 1690 4166 2.

395 4199 406 4232 ⁸
426 4205 501 4250 amet
521 4201 543 4247 t.
558 4202 583 4247 2.
598 4196 658 4262 (pro
678 4197 767 4261 aiunt)
837 4199 847 4229 ⁸
870 4198 937 4249 mihi
955 4205 975 4249 t.
996 4217 1022 4265 p.
1042 4202 1193 4250 communis
1211 4203 1228 4249 i.
1241 4216 1264 4250 e.
1277 4202 1336 4251 milei
1353 4204 1378 4251 in
1396 4204 1489 4251 litteris
1507 4203 1543 4251 ari
1558 4208 1583 4273 te
1602 4204 1693 4251 dandis

396 4289 503 4336 maaeirnc
522 4290 652 4335 consucta,
704 4282 751 4332 ⁹i.
764 4300 787 4332 c.
800 4290 878 4333 loiron
896 4300 998 4334 coruom
1017 4286 1142 4336 Zonorius
1159 4286 1207 4335 tim
1222 4288 1416 4351 iulcrprelctur.
1474 4285 1492 4318 ¹¹
1513 4287 1621 4337 iisdem.
1641 4288 1692 4337 Rc-

396 4372 592 4436 spondcum,1‚
620 4369 974 4434 undecimoundecino.
1000 4372 1113 4421 eisdam.
1127 4370 1332 4440 Respondeam,
1352 4376 1378 4423 2.
1393 4374 1418 4422 d.
1476 4371 1499 4405 ¹¹¹
1516 4373 1694 4438 ingratitudi-

397 4472 459 4506 nem
479 4459 506 4507 3.
521 4459 545 4506 i.
559 4458 608 4506 sed
621 4458 802 4520 protitudinem
821 4456 912 4505 Crotus
926 4472 978 4521 pro
995 4460 1052 4506 sola
1066 4459 1210 4521 proeliorum
1227 4459 1337 4507 dictione
1357 4462 1483 4523 posuerit.
1552 4455 1572 4489 ¹¹
1593 4459 1694 4508 immin·

397 4543 475 4591 sione
496 4545 520 4590 t.
572 4541 592 4573 ¹¹
612 4547 692 4605 patre
705 4542 801 4591 Fredii
814 4540 848 4589 ad
861 4541 1054 4606 Euphundium
1076 4544 1097 4591 l.
1109 4547 1196 4607 patro
1209 4542 1304 4592 Frodii
1317 4543 1352 4592 ad
1363 4542 1546 4611 Erphnrdium
1560 4545 1585 4594 2.
1606 4551 1694 4611 putre,

399 4630 427 4674 et
445 4626 515 4674 redii
534 4625 569 4673 ad
583 4625 764 4689 Erphordium
783 4629 809 4676 3.
829 4632 908 4692 patre
922 4611 993 4675 rodii
1006 4626 1040 4675 ud
1053 4627 1235 4693 Erphurdium
1254 4631 1284 4699 4.Ι
1331 4626 1353 4660 ¹¹
1372 4644 1424 4693 ego
1435 4631 1505 4679 onds.
1519 4631 1546 4679 3.
1605 4630 1628 4663 ¹¹
1645 4633 1696 4682 Lo·

398 4725 442 4757 cus
456 4709 600 4757 etMareus
613 4707 661 4757 &o
678 4712 793 4770 sortasse
805 4718 942 4776 corruptus
953 4727 1001 4761 nec
1012 4728 1077 4781 qme
1088 4719 1153 4763 satis
1164 4730 1242 4765 sonus
1251 4717 1341 4782 factus
1349 4721 1397 4764 esi.
1433 4716 1469 4764 Et
1481 4716 1594 4767 Morcus
1606 4724 1694 4782 putat.

398 4794 473 4843 Imus
490 4794 518 4841 in
531 4794 559 4840 in
577 4792 616 4840 ibi
632 4796 655 4843 l.
687 4801 774 4859 putot.
788 4797 912 4846 Vidimus
930 4797 1000 4847 inibi
1013 4800 1106 4849 unt.
1142 4798 1263 4865 Murcus]
1280 4806 1344 4864 puto
1364 4800 1414 4849 Cic.
1432 4802 1561 4852 inLoello.
1597 4801 1695 4867 ²⁶qu0-

399 4879 523 4942 tidieque
540 4883 566 4928 2.
582 4881 607 4927 3.
623 4883 647 4928 i.
702 4882 842 4932 moliente.
878 4884 939 4934 Non
951 4920 1016 4934 .....
1027 4890 1162 4935 tractato.
1193 4885 1312 4936 Proinde
1325 4900 1377 4935 uc.
1392 4888 1418 4934 t.
1432 4889 1458 4934 2.
1473 4888 1500 4937 3.
1514 4890 1539 4935 d.
1571 4886 1696 4954 ·²⁰cepi

401 4967 458 5013 td.
511 4963 533 4995 ¹¹
552 4966 651 5016 ottob.
667 4968 693 5015 3.
708 4983 741 5015 ex
753 4967 824 5018 turb.
840 4969 864 5017 4.
916 4967 940 5000 ²⁷
957 4968 1103 5033 charybde
1117 4973 1143 5019 3.
1196 4971 1218 5004 ²¹¹
1235 4971 1369 5022 Fuldanis
1389 4974 1414 5022 3.
1466 4971 1488 5005 ¹⁹
1506 4974 1598 5025 hicme
1618 4977 1645 5024 3.
