3917 5950
407 632 482 710 258
524 646 634 702 CXVII.
655 664 737 702 serr.
751 661 788 701 ιιι
800 664 862 704 nvo.
876 660 912 700 oe
925 662 1075 702 ιιιιιιιιιιιιιιιι
1088 664 1122 702 nr
1135 662 1201 702 noo.
1215 661 1292 703 suro.
1307 666 1349 704 er.
1364 658 1438 727 ortt.
1452 666 1517 705 urs.
1531 656 1590 703 itm.

410 823 578 905 plenissime.
600 824 743 901 seriptum
766 828 818 882 est.
863 822 956 901 ipsam
978 822 1062 882 uobis
1083 829 1115 882 ut
1137 820 1306 883 ostenderet
1327 823 1407 883 iussi.
1445 823 1526 903 meod
1549 825 1573 883 si
1596 823 1704 883 laeterm

352 932 467 993 eaesi,
496 926 573 984 hene
595 924 698 992 habet,
730 927 774 984 siu
797 942 881 993 rere,
911 924 1040 984 breuiter
1062 942 1165 983 remim
1186 924 1234 984 hie
1263 925 1356 1002 eapila
1388 927 1521 1003 aecipite.
1568 924 1705 984 Nondum

407 1027 522 1087 hostem
547 1026 618 1084 virli:
652 1025 724 1084 nihil
747 1031 870 1103 tyranno
899 1024 956 1085 hoe
985 1026 1132 1101 lngaeius,
1162 1025 1233 1085 nihil
1262 1025 1436 1099 imbecillius
1465 1028 1619 1088 inventum
1648 1032 1704 1092 est;

408 1130 446 1188 ila
469 1128 544 1202 lugit
566 1135 598 1186 ut
620 1145 678 1185 uon
701 1128 853 1204 respiciat,
878 1132 992 1186 tantum
1013 1126 1096 1186 abest
1113 1126 1313 1187 ‹leiensionem
1329 1133 1361 1188 ut
1377 1129 1470 1195 iuuat;
1499 1130 1611 1187 mirum
1628 1127 1704 1186 (lietu

408 1236 452 1290 est
474 1231 590 1308 (pirantis
608 1246 666 1286 uos
689 1228 841 1287 itineribus
864 1229 1064 1305 prraeeesserit;
1094 1229 1190 1286 onmia
1207 1229 1270 1288 eius
1291 1247 1486 1306 oeerrpamus,
1510 1228 1593 1288 nullo
1610 1227 1726 1288 adunes

407 1332 540 1406 riegotio:
575 1329 687 1389 uolunt
708 1347 739 1389 se
762 1331 891 1389 civitates
920 1331 1044 1406 passim:
1079 1329 1149 1407 quid
1178 1329 1311 1389 lacerent
1338 1328 1416 1390 aliud
1445 1331 1543 1391 sirim?
1580 1327 1708 1389 salutant

409 1451 462 1491 nos
484 1432 855 1510 quinetiamoccursantes
876 1429 1010 1510 plerique
1032 1430 1206 1490 liberatores
1228 1438 1257 1490 el
1278 1437 1443 1491 servatores
1458 1450 1544 1499 suos,
1572 1428 1708 1515 aesalo-

341 1555 345 1562 ·
410 1541 468 1594 tem
491 1540 668 1610 praemitur,
701 1540 733 1591 ut
759 1532 881 1610 expulso
912 1539 1036 1610 tyranno
1065 1531 1162 1591 laetitia
1185 1533 1342 1606 gestientes
1364 1551 1398 1591 ae
1422 1532 1599 1599 frementes,
1631 1530 1707 1590 haud
1788 1542 1792 1547 '

355 1633 466 1705 §.salia
488 1636 610 1693 ratione.
649 1652 737 1713 quam
759 1635 788 1693 in
811 1636 904 1693 rieem
926 1634 1024 1711 praerla
1049 1638 1078 1691 et
1099 1633 1338 1711 populationibus
1359 1633 1555 1702 abstinemus,
1579 1633 1707 1693 necllum

410 1737 571 1796 occidimus
592 1735 647 1795 nisi
669 1753 779 1813 paucos
802 1736 901 1794 neseio
924 1753 982 1813 quo
1006 1752 1109 1794 errore
1131 1734 1333 1797 defensionem
1355 1734 1479 1795 molitos.
1518 1737 1549 1795 in
1570 1733 1708 1794 manibus
1719 1750 1739 1793 ιι

410 1839 508 1897 omnia
538 1839 647 1896 ilustris
676 1843 726 1895 arrt
753 1842 822 1910 suut
847 1842 897 1896 aut
920 1835 1017 1896 lutura
1040 1837 1157 1895 iamiam
1179 1842 1335 1914 putantur:
1369 1855 1405 1895 ex
1428 1837 1462 1895 iis
1484 1855 1551 1914 quau
1573 1836 1708 1896 munitis·

410 1941 482 1999 sima
511 1946 580 1997 suut
607 1944 635 1997 et
663 1937 770 2015 quibus
799 1938 959 2015 plurimum
987 1936 1035 1997 ille
1062 1937 1139 2004 lhlil,
1169 1936 1207 1996 oh
1230 1937 1317 2016 idque
1341 1938 1483 2014 praesidiis
1505 1944 1536 1996 et
1557 1936 1651 1997 rebus
1673 1937 1707 1996 arl

409 2042 519 2101 rictum
541 2040 714 2099 necessariis
736 2040 875 2104 lirmarit,
900 2038 1080 2098 olitirmimus
1102 2041 1160 2099 iam
1182 2039 1330 2117 quaedam,
1354 2038 1409 2098 alia
1431 2056 1483 2117 spe
1506 2040 1707 2118 praeeipimus.

356 2141 555 2215 ee'lubingae
583 2141 655 2200 urbs
683 2142 706 2199 si
734 2142 827 2218 aeeipi
849 2142 911 2200 sine
933 2159 1003 2200 aree
1025 2159 1160 2201 seorsum
1183 2130 1303 2219 possit.
1319 2146 1348 2200 et
1369 2141 1432 2218 ipsa
1454 2158 1487 2200 so
1510 2140 1601 2201 dedit.
1647 2158 1708 2199 ma·

412 2246 488 2304 xima
513 2244 582 2303 inihi
605 2242 739 2320 praesidia
761 2248 843 2310 suut,
867 2241 995 2320 pulveris
1018 2259 1122 2318 inagna
1146 2244 1202 2309 ris.
1228 2262 1264 2302 ex
1286 2239 1436 2302 nobilitate
1459 2243 1606 2321 imprimis
1629 2259 1708 2300 eom-
1720 2260 1740 2298 rs

337 2362 342 2369 ·
411 2345 527 2423 plures,
556 2351 585 2403 et
606 2345 682 2403 iuter
705 2362 755 2403 eos
776 2349 860 2411 tuus,
891 2343 1025 2412 oLuea,
1056 2344 1147 2404 lrater
1169 2344 1288 2414 Petrus,
1318 2345 1367 2426 qui
1389 2344 1582 2405 Franciseum
1606 2344 1709 2404 (lurio-

354 2435 474 2522 §esrem
498 2446 612 2506 tediatus
634 2445 779 2513 estheri,
803 2463 870 2503 oum
893 2447 1113 2523 pomritteretm·
1136 2445 1324 2523 colloquium.
1364 2445 1518 2507 Habentur
1536 2445 1581 2521 ,ibi
1606 2463 1710 2505 omnes

412 2548 542 2607 thesauri
571 2553 599 2606 et
627 2564 692 2624 «puae
715 2565 784 2606 eam
808 2544 910 2605 hahuit
931 2553 1087 2624 tyrannum
1120 2553 1264 2626 praeterea
1287 2548 1378 2624 ipsius
1399 2546 1485 2606 liberi
1506 2546 1660 2607 masculus
1682 2554 1710 2604 et

411 2648 524 2728 puella:
560 2647 672 2723 arrlrrgit
694 2649 772 2707 enim
795 2646 932 2707 ormribus
954 2653 1021 2725 post
1042 2666 1073 2708 se
1095 2647 1219 2717 relictis,
1243 2650 1343 2725 viginti
1366 2666 1434 2709 eum
1456 2648 1607 2726 equitibus
1630 2646 1707 2706 solis.

412 2752 468 2822 Qui
491 2751 519 2809 in
543 2749 679 2827 praesidio
701 2756 783 2816 sunt,
815 2749 997 2809 eouditiones
1018 2749 1172 2810 nobiseum
1194 2753 1377 2829 paciseeutes
1398 2751 1440 2810 sio
1462 2749 1575 2809 ‹leelunt
1599 2767 1743 2813 arcumen

413 2858 445 2911 ul
468 2852 555 2911 lhlem
578 2852 695 2925 exigant
718 2851 840 2910 rieissim
864 2852 893 2909 iu
916 2852 1057 2928 principis
1078 2853 1164 2929 pueri
1186 2858 1360 2930 potestatem
1383 2852 1446 2912 lore
1469 2851 1562 2919 hauc,
1587 2850 1640 2910 uhi
1661 2850 1710 2909 arl-

413 2954 548 3019 olerent.
579 2971 636 3014 una
660 2970 727 3011 eum
750 2952 784 3011 iis
806 2970 871 3032 qum
893 2949 995 3012 relieta
1017 2950 1057 3012 ihi
1079 2960 1147 3012 suut
1176 2953 1321 3015 omnihus.
1366 2972 1426 3014 nou
1455 2953 1593 3014 rirhmtur
1628 2972 1712 3013 aere·

357 3057 494 3133 §.apturi
524 3056 629 3118 (loros.
665 3061 845 3132 «propropter
873 3056 987 3130 nmgnis
1009 3073 1041 3115 se
1073 3054 1213 3132 operibus
1234 3058 1312 3116 tueri
1344 3063 1498 3117 conantur.
1545 3057 1712 3133 hspurgam

412 3157 501 3218 habet
529 3156 675 3234 parriehla
705 3158 835 3215 ornnium
865 3157 1060 3233 uerprissimus
1085 3175 1120 3216 ae
1149 3157 1368 3243 emdelisslmus
1390 3157 1432 3218 lo.
1456 3157 1655 3219 leonhardus
1677 3157 1713 3214 ele

412 3258 598 3336 lleysehaeh,
633 3260 657 3316 is
686 3258 735 3336 qui
763 3275 846 3317 suam
869 3276 964 3335 nuper
988 3276 1127 3329 uxorem,
1164 3278 1287 3339 eamque
1310 3260 1475 3337 gravidam,
1506 3267 1535 3319 et
1563 3258 1748 3321 aurilianus

414 3375 618 3402 --†-

480 3426 629 3490 ³lngutius
642 3429 700 3476 edd.
748 3425 1134 3478 7ιιιιιιιιιοι·ν.11.3.3111112.
1182 3428 1518 3479 1αο1ιιιιιι.ιὶιε1ειι.11.3.
1569 3426 1713 3478 finnus.

414 3509 435 3541 ¹⁵
449 3509 521 3574 pulv.
535 3528 569 3559 ιιι.
578 3513 620 3560 ris
633 3514 721 3560 addim
730 3513 767 3560 ΙΙ.
776 3515 800 3559 3.
814 3515 896 3560 reteri
907 3529 955 3561 non
968 3512 1070 3563 habeut.
1118 3512 1138 3545 ¹⁰
1151 3512 1533 3579 h'runeise.]Siekingensem.
1582 3513 1603 3544 ¹⁸
1618 3513 1713 3578 liberi]

413 3595 626 3659 christophorus
646 3602 674 3644 et
691 3598 779 3645 Arrun.
850 3594 872 3626 ²¹
891 3594 934 3660 ne]
955 3601 984 3644 et
1001 3613 1070 3646 eor-r.
1085 3600 1121 3647 H.
1138 3600 1164 3646 3.
1233 3596 1255 3629 ²⁵
1273 3597 1446 3663 Reysehueh]
1468 3600 1602 3661 ciHepd
1621 3600 1677 3648 Cir.
1692 3618 1713 3646 o.

419 3680 442 3728 ll
448 3680 569 3728 'airltemh
593 3679 664 3728 1811.
688 3681 724 3729 8⁰.
745 3681 766 3729 1.
784 3698 809 3746 p.
823 3681 882 3730 5112.
902 3682 1060 3731 lieisehaehii
1080 3686 1227 3733 relationem
1249 3686 1281 3733 de
1303 3684 1434 3733 obsidione
1451 3685 1581 3748 Asperprr
1605 3687 1657 3732 eid.
1671 3702 1714 3747 op.

413 3764 550 3812 Saltteram
568 3764 677 3828 Topopr.
691 3782 713 3812 o.
728 3766 878 3814 ll'rtruternb.
893 3766 915 3814 1.
932 3764 987 3813 tal.
1018 3765 1151 3830 Aequale,
1166 3774 1229 3833 post
1240 3768 1425 3817 Maximiliaui
1439 3769 1502 3832 imp.
1517 3768 1626 3817 obitum
1642 3786 1714 3817 eom·

413 3849 532 3913 positum
556 3865 666 3912 poema,
693 3849 763 3913 quorl
787 3851 901 3913 primum
924 3850 1026 3915 prodiit
1049 3852 1077 3899 in
1103 3850 1113 3899 1
1135 3852 1182 3901 iol.
1209 3857 1339 3916 extatque
1364 3854 1392 3901 iu
1410 3852 1477 3901 hibl.
1499 3870 1556 3918 reg.
1571 3855 1714 3912 monach,

413 3932 544 3981 Arethms
563 3934 667 3995 tlleptr.
682 3948 702 3981 ε.
719 3934 807 3982 (lescle.
821 3952 844 3983 ιι.
862 3936 911 3983 tu.
927 3934 1000 3984 1805.
1020 3936 1055 3984 8⁰.
1076 3934 1122 3984 lt'.
1142 3953 1167 4001 p.
1181 3936 1302 3992 ornes.)
1317 3942 1391 3986 etex
1409 3937 1460 3986 hoe
1475 3937 1507 3986 L.
1520 3955 1543 3986 o.
1558 3938 1652 3988 Soltou
1669 3937 1717 3986 tiro

413 4018 533 4068 deutsche
551 4018 608 4066 hist.
626 4017 787 4067 l'olhsh'eder
805 4020 880 4082 rhpt.
898 4018 970 4069 1815.
989 4019 1025 4069 8⁰.
1044 4036 1069 4084 p.
1084 4021 1142 4069 ltu.
1156 4020 1226 4086 sqq.)
1246 4022 1391 4071 ediderunt
1412 4020 1485 4074 “ein
1503 4035 1581 4080 neuun
1601 4024 1651 4075 liro
1666 4037 1716 4075 nott

410 4110 463 4155 oen
483 4107 575 4166 terrm
594 4115 643 4155 non
660 4101 841 4166 mirrtrnbtrp.
860 4101 897 4164 jn
913 4110 966 4155 ern
985 4109 1053 4167 lton.
1072 4102 1114 4168 jn
1132 4105 1205 4166 [tuno
1222 4120 1255 4159 on
1273 4107 1343 4158 tinen
1356 4106 1494 4169 tanturm*
1530 4107 1571 4155 Ex
1591 4117 1626 4155 eo
1647 4116 1717 4157 stro-

413 4188 473 4253 phu
490 4186 515 4236 8.
529 4203 587 4252 sqq.
606 4187 659 4236 hue
678 4188 830 4252 pertinent:
1613 4189 1618 4198 '

702 4273 754 4335 pen
773 4285 821 4325 orn
840 4273 934 4336 §utrm
952 4273 1004 4338 hott
1020 4279 1054 4324 tu
1072 4274 1187 4339 retrahor

655 4357 773 4422 [hmtlidt
792 4370 848 4409 une
867 4358 933 4410 trhtn
951 4358 1045 4421 bremt,

654 4443 760 4523 Mitt·
772 4439 850 4505 trem
869 4455 918 4494 oen
936 4440 1119 4507 wintonium,

654 4526 686 4591 ilt
701 4527 742 4578 bit
760 4527 800 4578 tin
818 4523 891 4591 urolt
909 4526 1020 4591 thuan,

654 4625 705 4662 uos
722 4620 755 4662 ru
770 4617 816 4662 orn
834 4624 919 4663 omen
937 4610 1048 4676 tenum
1065 4611 1119 4676 toll
1137 4616 1239 4676 etthan.

653 4700 745 4746 mtrem
763 4694 796 4759 lit
810 4696 852 4747 eit
866 4701 945 4747 boran
962 4696 1103 4760 nomnen,

654 4778 742 4830 hointt
760 4778 826 4831 ιιιιῖιι
846 4780 888 4842 hep
903 4781 943 4831 tir
961 4781 1025 4843 lton.

704 4879 774 4940 §ons
791 4879 894 4941 mulnet
912 4893 961 4932 oon
979 4880 1067 4946 lethu
1083 4888 1117 4933 bu
1135 4880 1222 4944 nulio
1240 4880 1348 4948 utne,

653 4961 705 5024 hott
722 4967 810 5026 pertun
828 4965 868 5017 nit
886 4966 959 5029 teht.
