3917 5950
362 610 435 690 292
485 625 620 680 CXXXII.
640 644 722 680 urere.
737 641 772 680 nn
786 641 864 680 rnna.
879 643 913 680 us
927 631 1031 681 narsis
1046 642 1098 681 eno
1112 643 1291 683 runnnnrsuo
1304 645 1457 684 arctoam,
1478 642 1533 686 tatt.

363 788 481 868 ditatem
505 813 584 866 tuam
607 821 666 863 neon
688 805 862 881 agnoscam?
895 804 919 863 si
941 822 989 863 me
1017 823 1069 882 per
1097 803 1217 883 capillos
1246 807 1381 877 traheres
1410 813 1462 868 aut
1489 806 1631 885 pugnossi

364 910 434 970 mihi
456 908 618 986 indigeres
650 904 715 964 illos
737 904 859 965 selihres
881 912 947 965 tuos
970 925 1004 965 ae
1032 925 1197 984 praegraves
1220 914 1249 967 et
1271 926 1402 977 crassos,
1430 906 1560 970 dolorem
1579 907 1633 966 nihi

365 1010 514 1070 dubitares
537 1007 644 1067 irrcutil
678 1007 747 1085 quid
770 1008 847 1066 enim
869 1007 991 1067 interest
1013 1026 1060 1067 me
1082 1008 1222 1069 verberes
1243 1027 1279 1068 au
1302 1008 1394 1070 libros
1417 1030 1502 1072 meos
1524 1030 1633 1072 corruu-

296 1112 433 1189 §.eepasl
461 1111 537 1181 Quin
560 1127 595 1168 en
618 1107 767 1186 evarrgelio
790 1108 889 1168 erudis
911 1128 971 1177 me,
996 1117 1024 1169 et
1040 1128 1096 1169 uua
1112 1109 1295 1170 diverberata
1310 1110 1385 1171 mala
1402 1114 1502 1190 poscis
1515 1111 1634 1173 alteram?

363 1213 413 1272 sed
436 1220 496 1271 mm
519 1210 626 1270 durum
648 1211 820 1288 magistrum
843 1211 997 1270 auditurus
1018 1228 1077 1270 nou
1099 1211 1215 1283 videor,
1238 1219 1267 1272 et
1288 1211 1422 1273 dolorem
1443 1220 1477 1274 ut
1491 1221 1649 1291 temperaret

364 1331 499 1391 posmm,
522 1313 561 1371 ita
583 1312 719 1372 iniuriam
742 1311 892 1390 negligere
914 1312 992 1372 haud
1015 1330 1149 1389 possum:
1185 1311 1266 1374 dolet
1287 1294 1366 1375 mihi
1382 1316 1462 1374 enim
1477 1314 1555 1393 quod
1570 1315 1637 1380 lacis:

364 1415 458 1483 dolet,
487 1415 623 1491 inquam,
652 1422 739 1491 atque
769 1431 803 1471 eo
832 1414 920 1473 eliam
946 1415 1055 1492 magis,
1085 1415 1163 1493 quod
1194 1415 1284 1476 videri
1314 1414 1449 1476 dolorem
1473 1416 1576 1476 iecisse
1593 1434 1638 1474 rrrrn

348 1499 407 1576 'ris
429 1522 458 1575 et
479 1513 563 1575 illum
585 1515 744 1592 praetendis
764 1532 871 1592 magno
892 1514 1056 1592 prudentiae
1079 1522 1134 1576 tuae
1157 1523 1331 1595 argumento
1353 1516 1478 1595 periculi
1499 1534 1515 1575 a
1537 1524 1639 1595 tyranno

296 1625 488 1687 §.camelum
532 1615 659 1676 Nolehas
682 1617 759 1676 euim
781 1617 811 1675 in
834 1616 990 1676 discrimen
1014 1617 1118 1677 adduci
1145 1617 1263 1678 affinem
1291 1636 1390 1678 rueum
1418 1617 1597 1695 episcopum,
1619 1624 1641 1676 et

274 1754 276 1759 ·
364 1720 473 1799 nequid
496 1738 531 1778 ex
553 1736 620 1777 meo
642 1716 718 1777 lihro
741 1725 818 1777 esset
839 1716 879 1777 illi
908 1719 1100 1787 incommodi,
1130 1719 1158 1777 id
1182 1718 1376 1796 praecavebas
1424 1719 1490 1779 Non
1512 1717 1662 1796 improbet

365 1823 389 1881 si
412 1822 467 1882 hoc
490 1822 565 1898 agis;
599 1826 628 1877 at
651 1819 715 1879 vide
738 1838 796 1900 (prro
819 1819 961 1890 adducaS,
985 1820 1055 1897 quid
1078 1838 1194 1880 caveas:
1224 1819 1334 1880 seilicet
1356 1839 1442 1881 meus
1464 1819 1541 1879 liher
1561 1821 1584 1878 si
1602 1819 1641 1878 ha·

366 1923 472 1983 heatur
494 1923 572 1990 istic,
602 1919 766 1998 perieulum
789 1921 870 1980 nohis
893 1927 949 1989 est,
974 1927 1003 1980 et
1025 1920 1103 1999 quod
1127 1940 1181 1998 ego
1204 1919 1358 1999 dehnquo,
1386 1920 1423 1981 ah
1446 1920 1510 1980 aliis
1532 1919 1642 1980 animad-

298 2025 539 2094 §.advertendum
563 2024 648 2082 venit.
687 2023 761 2082 estol
784 2030 814 2081 at
836 2022 899 2081 ride
921 2022 989 2100 quid
1012 2021 1196 2100 adsequaris:
1225 2021 1388 2100 perieulum
1412 2032 1457 2082 est
1479 2021 1530 2099 uhi
1550 2011 1670 2081 scelera'

366 2125 632 2204 Wirteupergensis
660 2124 814 2202 leguntur,
844 2122 1040 2200 undecunque
1068 2124 1156 2182 missa
1183 2130 1233 2183 aut
1261 2143 1276 2182 a
1304 2140 1483 2202 quocunque
1509 2124 1538 2181 in
1563 2122 1645 2182 literas

367 2228 457 2288 relata
481 2245 514 2286 ea
537 2226 659 2285 luerint:
689 2226 713 2284 si
735 2224 851 2301 publica
873 2224 1138 2285 conloederatorum
1155 2242 1242 2284 eausa
1263 2225 1467 2302 impugnetur,
1492 2232 1585 2284 metus
1598 2215 1667 2282 rroun

368 2336 427 2398 est,
457 2347 495 2388 ue
518 2345 553 2387 en
575 2333 619 2386 tot
640 2325 835 2405 principibus,
869 2332 911 2384 tot
933 2343 1033 2385 rerum
1056 2324 1240 2404 publicarum
1262 2323 1443 2393 rectoribus,
1473 2331 1517 2384 tot
1538 2323 1647 2384 lorlihns

300 2451 318 2499 o.
326 2454 360 2494 aa.
370 2431 439 2489 viris
469 2425 712 2506 expostulandum
741 2427 798 2486 hoc
825 2426 929 2505 ahquis
957 2424 1108 2486 vobiscum
1139 2426 1294 2503 suscipiat?
1329 2426 1384 2485 nisi
1411 2444 1473 2485 nou
1500 2425 1652 2537 intelliguq

343 2531 517 2610 ‚homiues
547 2529 605 2589 utri
633 2526 727 2587 laneat
754 2529 829 2619 parti
858 2528 922 2605 qui,
954 2527 993 2587 oh
1015 2547 1080 2606 quae
1100 2528 1149 2586 isti
1171 2544 1256 2604 prena
1280 2525 1438 2605 infligitur,
1468 2545 1503 2586 ea
1530 2526 1559 2584 iu
1585 2526 1648 2585 lama

369 2650 433 2690 esse
455 2637 547 2696 retat;
583 2636 700 2688 etcum
723 2627 805 2689 illum
827 2630 913 2689 irasci
935 2628 1018 2689 vohis
1041 2629 1138 2706 opinio
1166 2629 1218 2698 sit,
1248 2628 1369 2687 erimina
1398 2629 1423 2686 si
1451 2626 1649 2705 perrulgentur

368 2733 433 2791 istie
460 2750 528 2799 sua,
558 2729 680 2808 periculi
709 2730 835 2807 suspicio
864 2748 924 2790 nou
950 2731 984 2789 lit
1011 2732 1051 2800 si,
1082 2750 1146 2808 quae
1174 2730 1302 2790 sentiunt
1331 2729 1380 2807 qui
1408 2729 1506 2806 ipsum
1529 2731 1673 2807 puru'uuta

301 2831 583 2911 §.aoenplodauturl
617 2830 710 2891 lictus
732 2831 769 2892 ah
792 2850 827 2892 eo
851 2838 894 2892 est
917 2832 953 2893 de
976 2833 1058 2892 emus
1080 2829 1240 2892 sceleribus
1268 2831 1306 2890 ita
1334 2830 1499 2909 cognitum,
1530 2833 1569 2890 ita
1590 2828 1650 2889 iudi·

371 2938 469 2995 eatunr
498 2940 555 3002 est,
586 2940 618 2992 ut
647 2935 752 2994 veteris
780 2935 836 2993 iarn
865 2935 949 2994 lamae
978 2933 1087 3011 pudeat
1114 2933 1208 3012 magis
1231 2951 1318 3011 quarn
1340 2932 1454 3011 pigeat;
1489 2931 1526 2993 ah
1550 2933 1585 2992 iis
1604 2947 1652 2991 nou

371 3025 414 3096 est
436 3037 487 3115 qui
509 3035 613 3103 armis,
635 3036 662 3093 vi
684 3054 718 3094 ac
741 3036 847 3095 virtute
869 3036 1037 3112 superiores
1060 3052 1127 3095 eum
1150 3035 1221 3103 siut,
1243 3052 1360 3111 paenam
1382 3053 1503 3095 sumere
1518 3034 1556 3094 de
1578 3030 1653 3093 male·

371 3137 531 3198 laetorihus
554 3136 773 3214 aggrediuntm'.
818 3137 903 3196 times
925 3136 1084 3196 sernilraeti
1106 3137 1195 3204 iram,
1225 3134 1489 3196 valentissimorum
1512 3136 1653 3195 hundeum

372 3239 540 3317 dignitatem
564 3255 622 3296 nou
644 3237 768 3297 vereris:
802 3256 885 3298 caves
908 3256 944 3297 ue
966 3236 1073 3297 invidia
1095 3238 1131 3296 sil
1154 3238 1180 3297 ei
1202 3238 1285 3302 cuius
1307 3237 1375 3296 odio
1401 3238 1540 3297 universa
1562 3240 1679 3297 aestuata

372 3341 542 3406 (lerinanim
580 3338 636 3398 hoe
667 3357 726 3397 uon
754 3357 851 3407 caves,
883 3339 992 3416 nequid
1020 3338 1194 3399 irlvidiosum
1222 3339 1389 3398 admittatur
1419 3340 1449 3397 iu
1477 3358 1530 3399 eos
1559 3339 1607 3417 qui
1633 3342 1657 3396 et

373 3440 472 3500 volunt
495 3449 524 3500 et
544 3448 667 3517 possunt
690 3447 719 3499 et
740 3438 848 3500 dehent
871 3438 971 3500 ulcisci
993 3420 1144 3508 iniuriam,
1168 3440 1272 3517 punire
1292 3428 1529 3519 improbitatem,
1554 3436 1657 3499 amoliri

304 3539 520 3609 §,:u.scelerum
541 3540 689 3601 authores.
734 3540 779 3600 Tu
802 3560 833 3601 es
854 3539 902 3600 ille
924 3547 1023 3601 autem
1046 3542 1092 3600 eui
1118 3541 1275 3601 criminosa
1303 3544 1412 3620 scripta
1441 3561 1502 3602 nou
1531 3539 1658 3620 placenti

375 3648 404 3701 at
426 3659 492 3701 eum
515 3641 622 3701 lihrum
644 3661 732 3720 quem
760 3643 790 3701 in
821 3641 1014 3702 clarissimum
1038 3643 1218 3720 principem,
1247 3643 1438 3703 fortissimum
1467 3644 1575 3704 ducem
1597 3638 1659 3700 Wil-

375 3742 506 3802 helmum
521 3742 665 3802 Bararnm
688 3723 837 3804 deus⁰iste
859 3751 927 3804 tuus
950 3762 1045 3821 nuper
1067 3745 1218 3812 emiserat,
1249 3764 1301 3805 eur
1323 3763 1427 3823 passus
1454 3764 1488 3805 es
1510 3745 1614 3805 haberi
1633 3744 1683 3804 ina

306 3865 365 3915 §.aa
376 3843 510 3905 manibus
531 3844 596 3903 istie
605 3844 615 3901 'l
638 3845 707 3924 quid
730 3844 804 3905 adeo
827 3846 932 3923 cupide
954 3844 1047 3923 legisti
1070 3846 1148 3922 ipse,
1171 3852 1200 3906 et
1220 3844 1377 3924 legendum
1400 3846 1464 3906 aliis
1486 3846 1610 3907 dedisti‘l
1629 3842 1660 3904 dt

374 3945 411 4004 ad
435 3952 517 4006 tuum
539 3945 627 4023 igitru·
649 3953 760 4005 metum
782 3946 917 4016 redeam,
941 3945 1106 4024 periendose
1128 3947 1285 4008 ollenditur
1308 3948 1357 4027 qui
1380 3947 1417 4007 oh
1441 3948 1604 4021 admissum
1618 3946 1660 4007 de

375 4045 466 4120 decus
488 4046 524 4107 ah
546 4046 647 4105 amicis
670 4048 756 4106 etiam
779 4055 808 4107 et
829 4049 1003 4127 propinquis
1024 4050 1085 4108 suis
1107 4048 1242 4109 desertus
1261 4056 1319 4117 est;
1347 4068 1415 4109 eum
1431 4049 1585 4111 olleudere
1598 4043 1662 4108 nihil

376 4149 468 4208 relert
490 4149 540 4227 qui
562 4154 656 4207 tantas
678 4148 834 4219 amicitias,
859 4156 968 4209 tautam
991 4151 1255 4228 propinquitatem,
1279 4157 1321 4209 tot
1343 4151 1458 4220 affines,
1482 4159 1527 4211 tot
1550 4151 1668 4211 clientes·

309 4256 466 4329 §.aratque
488 4251 561 4310 adeo
583 4248 654 4310 illud
677 4252 853 4310 immensum
875 4246 970 4311 loedns
993 4253 1042 4330 qui
1064 4260 1131 4330 post
1152 4271 1184 4312 se
1206 4252 1310 4313 trahit?
1338 4252 1387 4312 Sic
1409 4260 1440 4312 tu
1463 4254 1603 4313 iuvidiam
1618 4262 1686 4330 putj

376 4360 495 4413 tentum
513 4353 607 4431 lugisl
633 4353 675 4412 sic
696 4352 731 4412 iis
753 4351 860 4431 quihus
880 4353 957 4412 lidus
980 4371 1026 4421 es,
1050 4352 1197 4414 consulis?
1227 4354 1289 4413 haec
1311 4354 1466 4430 prudentia
1489 4361 1539 4415 tua
1556 4362 1601 4415 est
1615 4368 1663 4431 qua

378 4472 464 4514 cares
490 4453 635 4532 pericula,
667 4453 820 4515 consilium
850 4472 909 4533 quo
939 4455 1047 4513 avertis
1073 4454 1169 4514 malai
1201 4456 1278 4526 Quin
1300 4453 1371 4514 illud
1392 4456 1473 4516 sides
1495 4475 1585 4534 quam
1613 4469 1662 4514 nou

378 4554 494 4614 sithoc
516 4555 651 4615 inuidiam
674 4556 791 4634 lugere,
814 4555 866 4615 sed
889 4555 989 4615 odium
1011 4554 1184 4625 conciliare,
1207 4563 1237 4615 et
1258 4556 1328 4617 dum
1350 4574 1453 4616 ranam
1475 4557 1541 4617 siue
1563 4555 1664 4617 viribus

379 4697 582 4708 ———

448 4769 458 4801 ⁴
478 4771 586 4837 evang]
607 4776 704 4824 hlolth.
720 4776 750 4825 V.
758 4774 798 4825 att.
814 4775 881 4823 Luc.
895 4773 991 4825 Vl.‘29.
1040 4774 1061 4806 ¹⁴
1074 4775 1217 4825 Wiirtenb.
1230 4780 1254 4825 2.
1308 4774 1329 4808 ¹⁵
1342 4774 1471 4842 ceolred]
1487 4781 1598 4841 foederis
1609 4777 1663 4826 Sue·

379 4857 436 4902 cici.
487 4853 510 4885 ²³
528 4859 574 4920 qui
592 4857 731 4923 ips.pun.]
746 4861 923 4923 coufoederutr'.
977 4858 999 4892 ²³
1018 4866 1129 4910 autores
1142 4864 1167 4910 2.
1204 4862 1227 4894 ³⁰
1246 4868 1289 4911 est
1301 4865 1327 4910 2.
1380 4860 1593 4927 ”periculose
1613 4862 1662 4910 tt.

382 4937 524 5001 qui...des.
544 4937 596 5004 eat]
615 4943 669 4992 drea
685 4944 803 5008 Virteup.
885 4943 907 4975 ³³
927 4943 1127 5011 eum...treh·it]
1146 4948 1282 5011 Hactenus,
1302 4948 1427 5012 discerpti
1444 4948 1542 5014 dialogi
1558 4955 1649 4998 medor.
