3917 5950
380 627 428 697 50
464 640 579 691 xxvn.
606 654 730 689 5555555555
744 653 781 688 so
794 651 976 689 nvnovrcnvtr
989 651 1025 686 55
1039 651 1150 687 avam
1163 650 1384 687 consoctromu.
1404 644 1606 690 5555555155.

262 829 266 838 ·
379 809 438 871 5555
458 807 535 868 liber
557 814 617 876 555,
651 799 801 884 nullisque
822 824 860 867 ne
887 806 1015 866 minimis
1044 806 1163 885 quidem
1189 805 1274 867 malis
1300 806 1445 869 obnoxius
1471 824 1576 868 securo
1603 807 1676 884 agit;

383 909 454 971 nihil
475 912 506 970 in
528 909 609 970 illum
633 910 749 968 lortmra
772 908 887 986 imperii
914 907 1020 978 babet,
1056 906 1128 968 nibil
1156 927 1259 969 omnes
1288 927 1388 978 casus;
1422 907 1597 987 tranquillus
1624 916 1677 973 est,

219 1057 223 1066 .
314 1012 427 1074 cst-sui
450 1018 549 1073 certus
571 1011 736 1078 aelidem:
759 1028 819 1069 non
842 1011 936 1088 cupit,
959 1028 1019 1071 non
1041 1011 1140 1079 5555555,
1168 1029 1227 1070 555
1250 1011 1375 1071 afficitur
1397 1010 1590 1089 aliquatenus.
1635 1008 1678 1069 Ne

382 1115 470 1192 igitur·
492 1111 532 1172 illi
555 1130 623 1173 eum
645 1117 753 1173 statum
775 1112 888 1181 invide,
912 1113 940 1172 iu
963 1131 1022 1191 qno
1044 1119 1076 1173 55
1099 1113 1123 1172 55
1145 1130 1238 1182 esses,
1268 1112 1340 1173 nibil
1361 1116 1458 1173 minus
1480 1111 1568 1172 velles
1589 1128 1677 1190 quam

382 1216 411 1275 in
434 1214 511 1275 liano
533 1214 665 1275 revocari
687 1215 858 1274 semiritam.
903 1212 966 1273 lam‘
985 1212 1056 1274 illud
1078 1221 1111 1274 ut
1134 1213 1330 1274 Christianum
1353 1222 1410 1283 est,
1441 1216 1478 1274 ita
1502 1213 1587 1274 nobis
1609 1228 1701 1291 per-s

382 1332 502 1377 suasum
524 1335 589 1377 esse
611 1316 714 1385 debet,
737 1334 795 1375 uon
818 1316 947 1393 extingui
969 1334 1038 1376 oum
1059 1316 1234 1395 corporibus
1248 1317 1368 1376 animas.
1406 1334 1471 1395 quae
1486 1318 1510 1375 si
1525 1316 1678 1375 interirent

383 1419 485 1487 etiam,
508 1417 580 1478 nibil
601 1425 701 1479 tamen
723 1418 807 1495 peius
829 1417 939 1477 babere
961 1417 1051 1491 botrio
1074 1426 1139 1496 post
1161 1426 1286 1479 mortem
1309 1424 1408 1496 posset
1430 1436 1517 1497 quiam
1541 1425 1608 1477 ante
1628 1435 1678 1475 na·

382 1522 523 1581 tiritatem
545 1519 705 1581 habuisset:
729 1519 818 1580 modo
841 1517 912 1579 nibil
934 1520 1054 1589 sentire,
1077 1519 1149 1581 nibil
1171 1538 1294 1599 prorsus
1317 1521 1428 1580 moveri
1443 1521 1509 1598 quis
1525 1537 1584 1579 nun
1599 1517 1679 1578 malit

283 1643 286 1650 ·
385 1641 474 1701 quam
496 1620 651 1699 languere,
681 1622 764 1698 angi,
793 1620 913 1681 morbos
934 1622 1065 1699 perpeti,
1094 1620 1209 1691 dolere,
1240 1624 1348 1700 premi,
1382 1621 1530 1682 sollicitari
1560 1639 1595 1681 ac
1617 1638 1679 1680 nro-

218 1717 222 1725 '
316 1724 484 1789 §.salestias
506 1724 631 1801 caperet
652 1722 728 1783 llinc
750 1723 803 1783 mit
825 1721 872 1783 ille
894 1722 985 1783 credo
1006 1723 1111 1801 priscis
1132 1724 1258 1785 lontibus
1279 1725 1382 1784 mortis
1395 1730 1589 1802 contemptus,
1611 1731 1675 1781 tan·
1687 1731 1713 1773 ¹⁰

385 1834 432 1887 tus
454 1827 556 1895 etiam,
580 1831 613 1885 ut
634 1842 699 1886 eam
722 1823 799 1885 ultro
822 1825 942 1902 quidam
964 1824 1019 1885 sibi
1042 1827 1243 1887 consciverint.
1287 1825 1386 1886 llabes
1408 1824 1680 1903 exempla-quibus

384 1934 415 1989 55
436 1926 611 1989 consoleris:
635 1926 694 1988 duo
715 1925 795 1986 Decii
817 1944 875 1985 noo
898 1928 1027 1987 timuere
1047 1935 1238 2005 spontaneam
1261 1928 1344 1988 adire
1358 1936 1483 1988 mortem
1499 1944 1554 2005 pro
1570 1928 1679 2005 patria:

386 2030 471 2099 (lato,
493 2048 531 2089 ne
546 2030 575 2088 in
598 2029 714 2109 tyranni
736 2045 840 2088 marrus
862 2029 988 2099 venirat,
1011 2027 1089 2089 ultro
1111 2048 1144 2090 se
1166 2031 1245 2091 lerro
1267 2030 1370 2091 induit.
1405 2030 1481 2090 idem
1496 2032 1567 2090 tunc
1582 2028 1681 2105 Scipio

386 2150 420 2193 ac
441 2130 532 2200 luha,
562 2138 628 2208 post
649 2129 830 2208 aliquantum
853 2129 962 2191 Brutus
984 2137 1013 2192 et
1033 2129 1149 2192 Cassius
1170 2130 1312 2210 multique
1326 2131 1383 2191 'alii
1407 2150 1461 2209 pro
1483 2149 1535 2193 sua
1557 2132 1681 2209 queisque

318 2232 532 2295 §.ulmenam
571 2232 666 2310 thue
689 2233 775 2292 etiam
798 2232 931 2292 loernmas
945 2232 1003 2293 boc
1018 2234 1121 2294 iecisse
1135 2235 1223 2304 scias,
1246 2233 1397 2302 Lucretia,
1419 2233 1549 2294 Romana
1566 2231 1715 2297 mulieris

387 2336 534 2414 pudicitie
556 2332 620 2393 zelo
643 2332 722 2394 burro
743 2335 808 2394 vitae
830 2334 918 2395 linem
946 2336 1061 2404 statuit;
1096 2333 1248 2413 Cleopatra
1277 2337 1416 2415 Aegyptia
1447 2336 1598 2396 fortiorem
1626 2333 1681 2392 sibi

319 2450 378 2500 5.5.5
388 2437 537 2498 interitum
561 2437 727 2513 usurpavit,
750 2453 839 2513 quam
862 2436 891 2495 bi
913 2454 1013 2496 mores
1034 2437 1115 2515 digni
1137 2444 1243 2498 essent
1281 2437 1339 2497 Sed
1355 2455 1457 2498 eorum
1479 2436 1516 2496 ad
1538 2444 1567 2497 te
1589 2436 1682 2513 magis

389 2537 923 2617 555555515555555555,5555555555
948 2539 1006 2598 lata
1027 2558 1111 2618 aequo
1133 2540 1231 2599 55555555
1258 2537 1398 2599 tulerunt.
1442 2540 1502 2600 sive
1531 2539 1618 2616 igitur
1642 2538 1681 2597 ia-

390 2641 458 2703 bula
481 2649 525 2701 est
546 2641 606 2700 5555
627 2638 787 2718 legentium
810 2639 896 2700 iidem
919 2646 1050 2701 meretur
1072 2641 1151 2719 quod
1173 2640 1211 2700 de
1230 2640 1318 2700 Troia
1338 2642 1479 2719 scriptum
1501 2632 1683 2718 reliquerunt

352 2778 357 2785 ·
389 2751 503 2805 veteres
524 2749 658 2810 autores,
682 2759 759 2818 pone
780 2748 848 2801 ante
870 2741 972 2803 oculos
992 2742 1046 2802 tibi
1061 2761 1162 2803 senem
1176 2741 1258 2802 illum
1274 2742 1438 2811 Priamum,
1460 2743 1570 2820 ingenti
1584 2742 1718 2802 animum

390 2847 486 2909 clienta
509 2846 566 2904 iam
588 2851 688 2912 aelate,
711 2862 831 2904 suarum
854 2843 980 2905 cladium
1003 2851 1218 2922 spectatorem:
1247 2851 1276 2905 et
1299 2851 1382 2905 erant
1404 2844 1449 2906 lue
1471 2844 1683 2905 acerbissimae:

390 2949 459 3011 vidit
482 2949 558 3021 errim
582 2954 625 3007 tot
647 2945 772 3008 liliorum
795 2964 897 3016 neces,
930 2947 1164 3026 propinquorum
1186 2965 1221 3007 ac
1242 2965 1364 3008 suorum
1386 2950 1516 3007 omnium
1545 2953 1683 3025 stragem.

391 3072 452 3114 sure
466 3052 598 3119 civitatis,
611 3051 666 3109 *sui
688 3051 770 3128 regni
793 3050 949 3119 excidium,
971 3067 1092 3111 suarum
1107 3067 1197 3127 opum
1212 3049 1415 3127 direptionem,
1438 3066 1577 3127 aspersus
1598 3050 1683 3110 otiam

391 3155 536 3216 interlecti
558 3160 625 3213 ante
648 3170 680 3212 55
701 3150 751 3211 lilii
780 3147 932 3229 sanguine.
977 3152 1047 3230 quid
1075 3150 1133 3212 dici
1155 3159 1251 3229 potest
1279 3151 1493 3212 calamitosius?
1526 3150 1565 3231 (et
1586 3158 1684 3209 tamon

394 3255 466 3318 nibil
486 3257 584 3315 animo
607 3253 745 3322 cecidisse
767 3252 883 3331 logitur,
905 3253 957 3313 sed
979 3259 1012 3314 ut
1035 3254 1097 3314 lraec
1118 3255 1268 3331 spectavit,
1291 3255 1329 3313 ita
1348 3255 1544 3332 imperterrite
1558 3260 1718 3312 mortemas

325 3358 485 3437 55555555.)
529 3358 565 3416 At
579 3356 741 3433 Antigonus
762 3373 814 3416 555
830 3355 982 3416 Alcinoum
998 3353 1088 3416 lilium
1111 3373 1170 3415 non
1192 3355 1286 3416 solum
1309 3355 1483 3424 5555515555,
1506 3354 1557 3415 sed
1580 3354 1698 3414 diutius·

397 3460 483 3520 eliam
506 3475 594 3536 quam
617 3464 777 3534 sperasset,
809 3458 913 3519 5555555
941 3456 1056 3518 5555555
1084 3464 1144 3526 est;
1178 3457 1307 3519 Pericles
1329 3457 1445 3518 55551555
1472 3456 1538 3517 liliis
1566 3455 1687 3516 orbatus

298 3632 300 3635 ¹
395 3560 541 3621 candidati
570 3559 698 3620 officium
726 3577 785 3619 nou
812 3560 967 3620 intermisit
995 3566 1024 3621 et
1046 3567 1186 3620 coronato
1215 3562 1310 3638 capite
1339 3565 1513 3638 prosecutus
1546 3566 1590 3618 est
1617 3576 1686 3618 corr·

396 3663 519 3730 tionem;
553 3660 716 3740 Xenophon
740 3679 806 3722 cum
835 3660 926 3722 lilium
956 3663 985 3722 in
1013 3678 1110 3740 pugna
1140 3662 1315 3722 occubuisse
1342 3661 1512 3721 sacrificans
1539 3658 1685 3724 audiisset.

284 3780 286 3786 ’
396 3781 489 3833 sacra,
513 3772 544 3824 ut
566 3771 704 3840 coeperat,
727 3765 863 3840 perfecit,
886 3781 1014 3842 cumque
1035 3764 1150 3824 lortiter
1172 3764 1312 3827 occidisse
1334 3764 1498 3824 nuntiatum
1522 3769 1612 3827 esset,
1635 3780 1720 3821 555-55

280 3881 285 3893 ·
397 3884 501 3927 ronam
517 3883 649 3945 quoque,
672 3871 704 3925 ut
725 3865 781 3925 sibi
803 3865 986 3947 detraxerat,
1009 3866 1155 3943 reposuit;
1177 3865 1311 3927 AEmilius
1325 3864 1434 3926 Paulus
1449 3863 1568 3942 publico
1582 3863 1688 3942 gaudio

398 3969 497 4031 audita
523 3967 649 4029 liliorum
678 3985 751 4028 nece
779 3966 907 4027 lelicitati
936 3986 997 4029 suas
1022 3966 1242 4046 congratulatus
1270 3974 1315 4028 est
1342 3986 1378 4027 ac
1405 3967 1461 4027 diis
1486 3957 1595 4045 gratias
1621 3967 1688 4043 ogit.

226 4055 228 4060 ¹
329 4070 476 4143 §.ar.0uid
506 4070 589 4132 illum
617 4068 783 4132 Graculum
812 4070 1014 4147 Anaxagoram
1047 4087 1291 4139 commemorem,
1325 4070 1375 4147 qui
1403 4068 1501 4129 andita
1528 4069 1606 4128 inter
1633 4068 1689 4127 dis·

398 4176 557 4237 serendum
586 4171 637 4235 lilii
664 4179 760 4232 555555
787 4189 892 4249 parum
920 4171 1064 4241 substitit,
1100 4191 1170 4232 mox
1196 4174 1226 4231 in
1249 4169 1441 4232 memorabile
1462 4168 1533 4231 illud
1556 4170 1690 4247 prompit

330 4284 390 4334 5..55
401 4277 546 4339 ‘Sciebam
569 4294 617 4336 mc
638 4276 774 4354 genuisse
796 4272 975 4333 mortalem'l
1002 4272 1079 4333 Nilril
1101 4291 1118 4333 a
1141 4274 1247 4334 mentis
1268 4274 1429 4334 constantia
1452 4271 1572 4332 dimovit
1593 4271 1689 4332 5555-
1697 4285 1723 4328 ss

374 4376 490 4461 aspen
513 4378 686 4458 Cambrses,
709 4373 759 4455 qui
782 4394 859 4437 cum
873 4374 963 4436 lilium
986 4373 1063 4436 illius
1085 4378 1189 4455 sagitta
1209 4375 1416 4445 transiluisset,
1439 4374 1565 4435 scrutari
1580 4379 1692 4432 astante

401 4489 484 4559 patre
506 4482 602 4550 iussit,
635 4498 706 4541 num
728 4497 781 4539 cor
803 4479 883 4557 quod
905 4478 1045 4556 petierat,
1080 4478 1265 4540 vulneratum
1293 4484 1385 4547 esset:
1417 4475 1489 4539 nibil
1516 4474 1602 4546 aliter
1623 4475 1693 4536 Per·

472 4696 492 4729 ¹⁸
510 4698 613 4748 ltem3.
648 4697 670 4731 2¹
682 4700 719 4749 Et
731 4704 825 4749 tomen
837 4698 907 4749 nibil
920 4699 1012 4749 enimc
1024 4699 1139 4765 legitur,
1153 4697 1203 4750 sed
1214 4705 1245 4749 ut
1256 4698 1317 4749 55555
1329 4698 1484 4764 spectavit,
1498 4698 1539 4748 ita
1552 4697 1695 4763 imperter-

402 4784 455 4832 rita
468 4787 582 4832 mortem
594 4783 673 4832 adiit.
692 4785 816 4838 orn-Ad.
830 4787 903 4835 addit
921 4780 970 4834 ³¹¹.
995 4786 1044 4835 sed
1059 4784 1292 4849 aperteMdncbtua
1305 4784 1390 4846 saltus
1407 4790 1454 4842 est,
1473 4789 1585 4833 nornaut
1604 4783 1695 4832 animo

402 4883 452 4919 55555
468 4868 573 4931 scripsit
591 4868 719 4917 Huttenus
736 4875 779 4917 ast
796 4869 895 4919 verbum
913 4871 1019 4935 aliquod
1035 4870 1143 4928 addtdtt,
1161 4874 1215 4918 uta
1226 4884 1264 4919 me
1275 4868 1389 4918 additum
1400 4874 1439 4920 est
1457 4868 1647 4921 5555515555υοὶ
1661 4870 1695 4916 si·

401 4955 467 5003 nile.
522 4952 545 4985 ²⁷
562 4951 614 5005 loc.
629 4948 879 5017 ost1=ipsedixit
931 4952 954 4988 ⁸⁰
971 4955 1086 5020 Ouaque
1104 4955 1171 5006 M.
1180 4955 1207 5003 3.
1259 4951 1279 4986 ³¹
1297 4952 1441 5018 Aemyliua
1458 4954 1494 5004 A.
1542 4951 1565 4984 ⁸⁷
1584 4951 1696 5004 attera.
