3917 5950
307 621 380 699 352
418 637 552 692 CLXVII.
566 653 648 692 arra.
659 652 773 690 tranare
782 651 812 689 ra
823 651 908 688 annu.
927 631 1077 688 CLXVIII.
1091 647 1271 689 nxuoararro
1280 651 1318 689 an
1328 648 1490 690 cannanei.

306 829 455 872 summurn
485 812 541 871 iam
568 809 773 870 conscenderit
794 807 954 888 tyrannidis
975 806 1063 868 huius
1085 814 1261 884 grassatura.
1305 807 1370 869 IIoc
1394 808 1482 869 facite
1505 816 1532 869 et
1551 827 1591 869 va-

306 913 372 974 lete.
419 913 498 973 Inter
520 912 711 990 equitandum
732 909 778 970 Vl.
802 909 900 972 salon.
925 909 1007 970 Iunii.
1031 911 1116 970 huno
1138 909 1175 970 n.
1185 909 1219 970 D.
1228 909 1290 971 xx.

458 1013 526 1073 Vive
548 1013 691 1073 Libertas

802 1132 900 1173 mera
922 1133 984 1174 aar
1007 1131 1100 1173 anun.

789 1329 1143 1345 ⁴*-

841 1550 1054 1627 CLXVIII.

485 1725 747 1801 EXHORTATIO
769 1726 821 1781 An
844 1726 1061 1783 GERMANOS
1088 1727 1139 1782 VT
1158 1725 1425 1782 RESIPISCANT

684 1818 730 1859 ar
756 1818 889 1861 uerrere
908 1819 1019 1861 conica
1039 1818 1216 1861 nascerere.

392 1929 611 2000 Campatiamini
632 1930 794 2000 vobisipsis,
818 1932 954 1985 attendite
976 1937 1004 1985 et
1026 1931 1130 1996 uidete,
1153 1932 1221 2002 quia
1243 1945 1296 1985 ceu
1318 1929 1461 1985 hactenus
1477 1947 1534 2001 pro
1551 1930 1589 1984 bia

304 2014 395 2070 babiti
416 2017 496 2086 opud
517 2015 607 2069 Italos
629 2016 708 2069 ducti
728 2017 835 2069 cletusis
857 2017 946 2070 oculis
967 2018 997 2069 in
1019 2016 1182 2070 seruitutem
1205 2016 1272 2069 estis
1293 2015 1421 2070 mirabili
1441 2016 1587 2086 rapacitate

304 2106 331 2153 et
353 2100 446 2154 uerbis
467 2101 544 2154 omni
565 2101 690 2153 versutia
712 2106 739 2152 et
765 2100 921 2154 calliditate
943 2100 1054 2170 plenis,
1085 2102 1206 2170 speciem
1235 2099 1300 2153 boni
1326 2101 1492 2155 extrinsece
1520 2110 1615 2153 men-n

304 2185 452 2251 tientibus,
488 2186 577 2250 uude,
612 2186 718 2238 misera
745 2184 916 2252 Ger-inania,
953 2184 1091 2256 quomodo
1118 2186 1188 2239 deus
1215 2185 1390 2254 compatitur
1420 2185 1589 2254 oppressioni

305 2275 374 2336 tuoe,
409 2286 493 2339 quiam
520 2277 643 2338 propter
664 2284 728 2322 eum
750 2270 805 2323 ista
834 2271 1000 2324 iamdudum
1025 2283 1116 2339 passa
1144 2283 1189 2336 es,
1220 2266 1310 2339 facite
1338 2270 1476 2335 credens,
1508 2269 1589 2322 subita

304 2355 451 2420 obediens,
485 2355 579 2408 omniu
607 2354 640 2408 ob
669 2355 717 2408 dei
743 2355 870 2408 timorem
899 2356 939 2410 ad
959 2355 1080 2409 salutem
1106 2355 1271 2409 necessaria
1297 2355 1478 2408 existimans.
1522 2353 1589 2408 Ecce

303 2441 360 2492 ium
376 2439 418 2493 bis
433 2440 582 2494 concilium
599 2440 638 2492 ad
652 2445 749 2493 terras
764 2447 829 2494 tuas
850 2447 1054 2510 conprepatum
1074 2446 1131 2507 est,
1154 2446 1186 2494 ut
1207 2439 1338 2504 audires,
1362 2453 1486 2509 saperes
1506 2445 1534 2492 et
1552 2438 1588 2490 in·

304 2525 445 2593 tettiperes
473 2524 612 2595 quomodo
639 2524 790 2592 deciperis.
841 2523 924 2595 Sccpe
950 2527 1059 2595 saepius
1086 2530 1152 2579 ante
1179 2525 1275 2579 oculos
1306 2529 1370 2578 tuos
1403 2524 1518 2595 reponit
1546 2530 1616 2576 cab

304 2608 442 2672 tumnias,
476 2609 640 2673 servitutes,
674 2609 841 2663 exactiones
868 2616 896 2663 et
923 2615 1027 2664 cuncta
1057 2626 1120 2679 quae
1147 2609 1251 2662 iniuste
1277 2608 1406 2677 pateris,
1440 2613 1473 2661 ut
1495 2613 1521 2660 te
1541 2623 1589 2661 non

303 2691 441 2760 superbe,
470 2693 522 2746 sed
542 2693 690 2761 sapienter
711 2698 738 2746 et
766 2693 975 2748 rationabiliter
1004 2708 1092 2747 eruas
1118 2707 1171 2763 ope
1200 2700 1228 2747 et
1255 2693 1398 2747 adiutorio
1426 2691 1590 2747 uniuersalis

303 2777 423 2831 concilii.
468 2775 635 2831 Mirandum
657 2791 749 2848 snpra
772 2780 884 2832 modum
907 2779 984 2848 quod
1011 2778 1205 2848 oppressionis
1231 2778 1378 2832 immemor
1406 2791 1446 2831 es.
1492 2775 1590 2831 Recor-

304 2863 376 2915 dure
399 2862 448 2931 qui
469 2863 498 2915 in
521 2862 592 2917 urbe
607 2861 739 2916 Rontuna
762 2864 929 2918 cardinales
944 2869 995 2916 aut
1005 2864 1137 2933 praelati,
1160 2869 1188 2917 et
1202 2867 1336 2918 neutrum
1353 2861 1530 2918 Germanum
1550 2875 1589 2914 re·

299 2943 399 3016 peries
420 2948 557 3017 cuiusque
580 2949 770 3018 reputationis
778 2949 915 3014 ‚aliorum
937 2955 1080 3019 respectu.
1124 2947 1293 3004 Recordare
1308 2949 1358 3020 qui
1371 2949 1451 3003 serui
1465 2953 1493 3002 et
1510 2944 1615 3018 fani-tt

302 3034 405 3098 liores,
429 3035 479 3103 qui
491 3048 640 3087 seruorum
655 3035 746 3102 serui,
770 3036 820 3103 qui
832 3035 907 3101 coci,
931 3034 981 3105 qui
990 3035 1117 3103 pistores
1137 3034 1342 3101 cardinalium,
1366 3035 1418 3103 qui
1435 3031 1589 3096 stabularii,

303 3118 354 3188 qui
374 3116 629 3188 bydriopbylaces,
653 3118 703 3189 qui
723 3132 879 3189 oparanes,
908 3119 958 3190 qui
978 3120 1130 3185 muliones,
1159 3124 1187 3172 et
1207 3120 1336 3188 reperies
1358 3131 1456 3173 omnes
1479 3117 1589 3173 Germa·

303 3218 370 3260 mosa
397 3204 491 3257 omnia
514 3210 608 3256 autem
631 3203 845 3271 despectissima
867 3201 966 3274 officia
990 3203 1039 3258 tibi
1059 3205 1143 3273 quasi
1164 3203 1198 3257 ab
1219 3202 1272 3257 boc
1287 3204 1382 3258 neseio
1398 3219 1455 3274 quo
1469 3199 1590 3272 infausto

302 3288 393 3342 omine
410 3289 550 3342 damnato
572 3294 736 3342 seruantur.
782 3287 878 3358 Capita
901 3290 941 3342 ad
961 3289 1032 3360 quid
1057 3288 1120 3343 boec
1148 3302 1237 3343 onera
1265 3289 1407 3348 sustines,·
1436 3302 1531 3341 nonne
1556 3287 1591 3340 ad

301 3374 391 3426 solum
414 3374 643 3442 consequendum
665 3373 874 3442 beneficiolum,
895 3372 974 3444 sorte
996 3374 1036 3428 ad
1054 3371 1253 3444 fundationem
1273 3379 1430 3442 parentum
1454 3378 1506 3426 aut
1525 3372 1616 3426 ami-²⁵

301 3473 400 3512 eorum
423 3465 553 3517 tuorum,·
576 3472 627 3512 nec
646 3475 704 3528 pro
719 3458 765 3511 bis
779 3459 908 3513 omnibus
922 3458 1077 3513 sudoribus
1090 3459 1146 3513 tuis
1158 3457 1247 3529 facile
1262 3459 1457 3527 consequeris.
1489 3455 1589 3527 Super·

301 3548 345 3597 est
365 3548 397 3595 ut
419 3541 527 3614 affluat
548 3544 637 3598 sudor
655 3549 812 3613 porculum
835 3550 965 3610 tuorum,
989 3550 1016 3597 et
1037 3544 1072 3598 de
1094 3544 1253 3598 substantia
1274 3558 1328 3598 sua
1350 3544 1509 3612 saemssime
1528 3558 1588 3598 con-

301 3627 429 3681 tribuant
451 3628 670 3695 mediatoribus,
698 3645 820 3699 quorum
842 3630 935 3684 studio
957 3628 1094 3702 beneficia
1112 3629 1276 3698 pernicioso
1298 3629 1380 3683 tituto
1402 3629 1588 3699 consequeris,

301 3808 451 3860 CLXVIII.
482 3811 552 3859 Haec
570 3810 735 3860 Exhortatio
753 3814 816 3874 post
833 3810 958 3859 libellum
977 3809 1012 3859 ab
1030 3809 1248 3860 Eschenieldero
1272 3808 1489 3876 (Ciuicampium
1512 3824 1587 3861 voca·

301 3895 342 3943 vit
354 3895 495 3958 Erasinus)
515 3895 585 3944 dono
598 3894 693 3944 datum
705 3895 829 3943 Hutteno
848 3896 877 3943 in
897 3894 1021 3960 exemplo
1041 3896 1088 3944 cit.
1108 3894 1177 3958 (Ind.
1192 3894 1259 3945 bibl.
1270 3910 1297 3944 n.
1310 3895 1412 3945 xxlx.
1428 3894 1463 3958 1.)
1483 3894 1587 3959 legitur.

301 3979 416 4028 eandem
435 3996 489 4029 uon
508 3986 565 4028 tam
583 3983 696 4043 propter
714 3986 903 4044 argumentum
923 3980 957 4028 ad
980 3981 1145 4045 gravamina
1167 3980 1289 4030 nationIs
1308 3979 1484 4029 Germanicae
1508 3985 1588 4029 totum

300 4069 444 4128 spectans,
465 4064 602 4129 longeque
622 4050 755 4113 'fervidius
774 4064 809 4114 ab
828 4064 953 4114 Hutteno
971 4080 1033 4114 cum
1052 4066 1133 4131 epist.
1152 4064 1179 4114 d.
1191 4062 1234 4113 Ἃ).
1248 4063 1323 4129 Sept.
1339 4080 1364 4113 a.
1381 4063 1456 4115 1520.
1478 4065 1586 4129 scripta,

299 4153 355 4197 tnrn
374 4150 402 4198 in
420 4155 549 4214 poemate
570 4149 630 4213 Ctap
647 4151 698 4197 und
712 4165 865 4214 aormannnp
883 4154 1046 4208 tractatum,
1073 4164 1154 4213 quam
1173 4154 1285 4215 propter
1307 4149 1420 4198 dicendi
1445 4164 1533 4214 genus
1555 4148 1586 4196 ab

298 4233 416 4282 IIuttoni
435 4234 558 4284 dictione
578 4233 777 4283 alienissimum
794 4229 880 4282 huius'
894 4234 959 4284 stilo
977 4235 1103 4299 quamvis
1121 4235 1287 4284 bicinersius
1306 4232 1520 4297 (Lebensbescbr.
1539 4231 1585 4281 111.

298 4332 324 4382 p.
340 4317 396 4368 195.
411 4323 467 4368 not.
481 4316 506 4378 *I
519 4320 713 4382 vindicaverit,
734 4320 843 4369 omnino
857 4319 1071 4368 abiudicandnm
1092 4334 1153 4368 esse
1172 4333 1285 4380 censeo,
1309 4323 1341 4368 nt
1359 4319 1446 4368 etiem
1466 4319 1527 4383 ipsa
1544 4316 1585 4366 ad·

618 4405 785 4454 hortationis
803 4404 948 4468 inscriptio
968 4404 1129 4453 abiudicata
1150 4404 1269 4455 videtur.

365 4537 464 4590 ³Vire
483 4539 541 4607 tin]
562 4543 599 4592 cf.
615 4559 657 4608 ep.
677 4541 839 4592 deuther.
857 4541 995 4590 d.4.1un.
1016 4538 1088 4589 1520.
1107 4541 1248 4605 scriptam.
1317 4536 1329 4570 ⁴
1346 4538 1428 4588 lacte
1447 4555 1471 4588 e.
1490 4537 1526 4603 s.]
1545 4540 1585 4588 lta

298 4616 393 4671 Caesar
406 4625 574 4676 Rubiconem
588 4632 799 4677 transcensurns
813 4626 990 4675 exclamavit.
1009 4615 1184 4691 Ἀνερρίφθω
1196 4615 1297 4689 κύβος·
1315 4621 1471 4689 προοίμιον
1487 4617 1520 4673 τὸ
1530 4639 1583 4673 uot-

300 4700 352 4752 νὸν
363 4709 423 4764 τοῖς
437 4702 478 4765 εἰς
489 4702 576 4774 τύχας
587 4702 772 4776 ἐμβαίνουσιν
784 4702 911 4774 α’πόρους
923 4707 973 4759 καὶ
985 4701 1098 4775 τόλμας,
1117 4709 1259 4759 Plutarch.
1273 4710 1303 4758 in
1316 4707 1367 4758 Iul.
1382 4708 1454 4758 Caes.
1468 4709 1510 4759 32.

366 4788 384 4820 ¹¹
405 4791 548 4857 quomodo]
568 4795 665 4857 qdod.
720 4795 740 4829 ¹⁴
758 4794 811 4862 bis]
831 4796 1005 4846 Constantius
1022 4794 1208 4860 Basileoeqne.
1265 4791 1288 4825 ²²
1306 4790 1396 4858 hydr]
1414 4793 1582 4859 hydrophils·

298 4876 340 4921 tes
353 4875 386 4923 A.
417 4865 628 4943 ddoopv'tuuaa,
643 4898 775 4946 aquarum
788 4882 915 4931 custodes
928 4884 990 4931 nulli
999 4887 1073 4937 siant,-
1084 4871 1306 4946 ddpiapiiiuuec,
1319 4894 1447 4929 vasorum
1460 4878 1581 4929 custodes

296 4957 410 5022 inteltept
424 4968 544 5023 apparet.
619 4960 641 4994 ²⁴
659 4965 759 5033 omine]
779 4984 811 5016 aa
830 4968 957 5016 nomine?
