3917 5950
409 638 477 708 134
659 651 705 699 Η.
726 665 848 700 uvrrrzxr
862 664 899 698 an
913 665 1145 699 erscmnmrcenvrx
1158 666 1201 699 rr.
1221 667 1248 699 n.
1261 660 1296 702 as,
1310 667 1370 700 rur.
1385 658 1446 699 tstt.

407 823 564 902 petendum
581 823 631 888 sit,
656 829 685 879 ut
709 820 804 879 «licam
829 820 880 878 ‘sie
900 818 984 888 relo',
1007 828 1055 878 aut
1079 822 1102 879 si
1125 819 1318 898 amplissime,
1340 822 1592 900 quemadmodum
1612 840 1697 889 nunc,

358 926 490 988 Murice
514 924 621 990 relirn';
650 923 686 981 ad
710 920 851 1000 populum
874 922 927 981 ista
959 932 1038 990 uro,
1067 921 1208 991 obsecro,
1236 922 1387 983 obtestor'.
1438 924 1611 983 fortissime
1633 923 1697 983 llili-

409 1026 507 1095 balde,
532 1025 600 1104 qiud
624 1025 665 1083 sic
688 1025 794 1083 metuis
816 1025 909 1082 nostri
933 1023 1092 1101 sapuinnis
1114 1042 1227 1093 cansa,
1257 1044 1344 1103 quem
1372 1043 1424 1085 sua
1454 1027 1622 1086 innocentia
1650 1026 1697 1085 ad·

405 1147 507 1189 versus
529 1128 659 1187 oxnnium
682 1125 808 1186 insultus
829 1133 925 1185 tutum
948 1125 1062 1185 reddit?
1082 1133 1124 1184 tet
1147 1125 1237 1186 millia
1253 1129 1447 1205 pessimorum
1463 1135 1698 1206 persequentum
1786 1207 1790 1215 Ι

405 1229 524 1308 ‹pridarn
547 1229 633 1295 licini,
668 1228 744 1287 “dico
767 1229 845 1287 terrim
867 1227 962 1286 tenes
984 1228 1034 1305 qui
1058 1228 1113 1288 lroc
1136 1229 1255 1307 iaciunt,
1289 1230 1424 1308 quidam,
1459 1232 1597 1309 inquam,
1631 1230 1718 1288 bonis

404 1338 541 1391 tuentur:
565 1337 663 1390 utrum
687 1330 807 1388 maioris
829 1329 906 1406 apud
930 1331 1148 1406 posteritatem,
1171 1331 1250 1409 qnod
1272 1331 1355 1391 multi
1377 1334 1526 1410 persecuti
1549 1334 1608 1391 sint
1623 1331 1698 1393 mali.

406 1451 442 1493 an
472 1431 550 1511 qnod
580 1431 698 1510 quidam
727 1431 910 1491 defenderint
938 1430 1026 1489 boni?
1059 1433 1102 1491 ‘dt
1130 1432 1283 1492 damnabit
1312 1433 1346 1493 N.
1370 1433 1403 1494 Ν.
1427 1434 1605 1511 phratorurn
1628 1451 1699 1493 auro

407 1533 556 1594 inversus'.
582 1533 713 1593 ltamnet.
737 1540 837 1592 contra
862 1532 1017 1599 Erasmus,
1042 1532 1151 1603 faber,
1175 1532 1343 1603 Bilibaldns,
1360 1535 1506 1596 llntianus
1528 1542 1558 1595 et
1573 1535 1700 1612 optimus
1763 1542 1770 1552 ‘

345 1638 531 1716 §.aquisque
554 1636 751 1695 innocentiam
773 1636 864 1703 trieri,
887 1635 1038 1695 veritatem
1061 1635 1197 1714 amplecti
1218 1636 1337 1716 digitum
1354 1637 1445 1697 duxit.
1484 1620 1521 1697 Et
1535 1639 1561 1697 si
1576 1655 1626 1696 me
1640 1644 1699 1696 tor-

404 1758 493 1817 ques,
517 1756 619 1797 verrini
643 1737 754 1805 dicam,
786 1735 890 1795 abste
912 1734 1000 1796 malle
1022 1737 1142 1814 probari
1164 1756 1227 1807 rue,
1261 1739 1347 1799 docte
1370 1747 1397 1799 et
1422 1739 1516 1807 bono,
1550 1757 1641 1817 maru
1663 1739 1730 1799 abu

405 1841 483 1919 ipso,
508 1840 587 1899 ornni
610 1837 692 1916 palea
715 1836 841 1907 leviore,
864 1840 943 1897 crnrri
965 1837 1064 1916 plurna
1088 1838 1255 1907 mobiliore:
1283 1859 1379 1919 neque
1400 1841 1597 1918 persuadebis
1619 1842 1698 1907 mibi.

406 1950 437 2002 ut
461 1943 584 2001 minoris
607 1941 712 1999 laciam
734 1938 853 2019 aliquod
876 1940 990 2000 Erasini
1013 1940 1175 2018 spiculum,
1198 1943 1277 2021 quod
1292 1944 1321 2001 in
1336 1941 1447 2002 malum
1464 1945 1635 2021 quempiam
1650 1943 1699 2002 de·

404 2045 523 2104 torserit
545 2041 607 2111 ille,
631 2060 719 2120 qnaur
742 2024 895 2103 sexcentas
916 2040 993 2102 illius
1015 2042 1175 2103 florentini
1198 2045 1531 2114 excommunicationes,
1555 2064 1623 2124 quae
1644 2045 1698 2104 iam

406 2145 505 2204 multis
528 2153 555 2204 et
579 2145 692 2221 magnis
714 2143 750 2203 de
773 2145 870 2202 causis
891 2142 1047 2213 vilescunt,
1071 2145 1149 2222 apud
1172 2164 1223 2205 eos
1245 2148 1310 2225 quis
1332 2153 1376 2205 est
1396 2145 1523 2206 testiculi
1545 2165 1620 2206 rena
1641 2146 1699 2207 ulla

345 2261 390 2311 ea.
404 2248 529 2326 paterni.
574 2246 701 2306 Proinde
724 2247 881 2324 impetrent
901 2245 942 2305 illi
956 2248 1071 2316 omnia;
1095 2266 1148 2307 nos
1163 2248 1358 2309 innocentiam
1373 2256 1493 2308 tuemur
1508 2249 1611 2326 partis,
1635 2269 1698 2328 qun
1709 2269 1730 2307 u

406 2367 465 2408 nien
488 2350 585 2407 nriuus
608 2356 675 2407 nota
700 2356 744 2407 cst
766 2347 919 2417 omnibns,
942 2367 1031 2426 quam
1054 2367 1193 2426 persuasa
1210 2358 1254 2409 est
1269 2357 1386 2410 sensate
1402 2352 1509 2429 cuique
1524 2353 1698 2411 sanctissimi

407 2450 512 2510 Leonis
534 2450 724 2528 improbitas:
748 2468 815 2509 narn
839 2450 862 2508 si
885 2451 951 2528 quis
974 2451 1104 2510 nondum
1127 2450 1275 2529 intelligit,
1298 2452 1379 2512 dices
1393 2451 1433 2511 illi
1450 2471 1517 2512 curn
1535 2452 1699 2533 Chrysippo

345 2565 389 2615 es,
404 2540 447 2610 οὐ
463 2539 527 2630 γὰρ
547 2539 796 2630 καταληπτικὴν
804 2550 1004 2630 φαντασίαν
1021 2551 1112 2631 ἔχεις.
1178 2551 1279 2612 Redeo
1294 2553 1331 2612 ad
1347 2554 1455 2630 priora.
1479 2554 1613 2614 nondum
1629 2556 1699 2615 scri·

404 2652 541 2712 bentibus
564 2652 714 2721 Huttenis‚
752 2660 855 2730 perte
879 2651 1006 2713 intellexi
1029 2655 1190 2731 regressari
1217 2661 1390 2734 tirannum,
1425 2663 1454 2715 et
1482 2654 1595 2715 bellum
1625 2674 1698 2716 esse.

403 2754 484 2814 ldenr
508 2756 554 2814 lae
577 2763 694 2832 postea,
719 2756 742 2813 si
766 2755 835 2833 qnid
859 2755 1016 2832 contingit,
1039 2763 1067 2815 et
1090 2757 1187 2815 omnia
1210 2774 1275 2835 qnae
1297 2759 1325 2814 in
1348 2775 1411 2817 rem
1434 2775 1531 2816 meam
1551 2776 1623 2829 ‚esse
1645 2758 1731 2818 dn-ec

404 2857 497 2926 xeris,
532 2856 686 2917 celerrime
708 2856 822 2916 scribe:
856 2874 952 2934 neque
976 2858 1052 2917 enirn
1076 2859 1105 2917 in
1135 2875 1220 2917 cansa
1249 2857 1367 2934 gentili,
1399 2858 1423 2917 si
1452 2857 1586 2928 dubitas,
1617 2866 1697 2919 extra

403 2958 567 3038 periculiun
592 2978 646 3036 ego
670 2979 748 3027 surra,
783 2958 921 3036 quiddam
945 2977 1034 3019 ausus
1056 2958 1220 3037 singulare,
1254 2965 1282 3020 et
1304 2959 1382 3038 quod
1406 2978 1464 3019 non
1494 2961 1609 3038 ignorat
1635 2981 1697 3032 car:

404 3061 505 3134 nilex,
521 3061 613 3121 mrilto
636 3069 703 3120 ante
726 3061 856 3121 edoctus.
902 3061 942 3120 lta
967 3060 1079 3121 litteras
1102 3069 1130 3122 et
1153 3060 1214 3121 vale
1237 3080 1303 3121 curn
1325 3062 1383 3123 tuis
1409 3062 1556 3123 orrrnibus.
1603 3064 1697 3123 Bono·

403 3163 458 3223 niae
482 3161 552 3222 t'llt.
578 3161 636 3222 (nt.
660 3161 743 3222 lunii.

343 3279 388 3329 cs.
489 3265 569 3323 llitte
591 3263 769 3323 Piscatorern
794 3263 843 3323 nbi
866 3264 962 3323 editus
985 3270 1037 3324 est.
1077 3264 1204 3325 Pulchre
1226 3266 1254 3324 in
1277 3264 1446 3344 praelatione
1468 3272 1589 3342 poteras
1614 3267 1729 3328 theo-es

402 3364 522 3442 legistas
543 3374 662 3435 netarc;
697 3366 726 3425 hi
749 3374 817 3425 suut
839 3364 878 3425 illi
902 3365 1092 3436 iaculatores
1127 3384 1142 3424 a
1166 3366 1273 3445 ‹pribus
1295 3365 1458 3444 periculum
1487 3374 1532 3430 est
1561 3369 1698 3429 (erunibus

403 3469 451 3545 qui
475 3486 575 3528 rerum
599 3468 715 3536 dicunt;
747 3467 776 3526 lii
799 3486 830 3527 se
853 3468 998 3528 colrortati
1029 3475 1096 3528 sunt
1124 3476 1226 3529 ruutuo
1254 3468 1310 3527 iarn
1337 3468 1453 3545 pridem
1480 3469 1624 3530 adversus
1645 3471 1697 3530 bo·

402 3587 472 3629 rrrrrn
496 3569 674 3647 Capnionern
697 3569 875 3647 llogostrato
902 3577 1105 3647 praemonente
1133 3561 1262 3646 Betae,
1290 3563 1395 3648 βάλλε
1419 3557 1479 3628 τὸν
1505 3562 1699 3646 κατάρατον

343 3690 388 3741 §.e
403 3677 472 3741 τοῖς
488 3658 656 3748 ἀφθόνοις
672 3669 792 3741 λίθοις.
818 3678 843 3730 ct
861 3669 900 3730 illi
916 3663 1057 3742 ’Πάντες
1072 3659 1139 3750 ἅμα
1154 3667 1411 3750 ξὐνασπίσωμεν
1424 3658 1473 3731 ἐπ’
1490 3660 1617 3737 αὐτόν’,
1641 3674 1698 3733 Sed

404 3773 470 3850 «piria
495 3772 531 3831 de.
552 3771 730 3848 llogostrato
753 3772 852 3831 incidit
875 3773 1000 3842 mentio,
1028 3791 1123 3849 irriper
1151 3773 1206 3832 bac.
1235 3772 1290 3831 iter
1313 3773 1379 3833 lecit
1401 3771 1544 3833 scelestus
1569 3775 1600 3833 in
1624 3775 1730 3837 Ger-ac

403 3874 529 3933 uraniam
553 3872 654 3933 abiens
677 3873 712 3932 ad
738 3873 886 3951 quoddam
910 3871 1153 3943 coneilinludunr,
1177 3874 1227 3934 ubi
1249 3875 1323 3932 mira
1338 3873 1506 3934 tractabunt
1523 3875 1697 3937 nebulones.

401 3977 476 4035 scies
498 3983 530 4035 tu
553 3976 629 4035 inter
651 3976 777 4053 primos:
813 3974 876 4033 vide
904 3982 936 4035 nt
965 3975 1050 4035 nobis
1078 3994 1196 4054 quoque
1229 3976 1396 4036 manifestes
1425 3976 1494 4055 qnid
1527 3984 1630 4038 actum
1651 3982 1697 4039 sit.

401 4111 603 4122 ——o-

467 4194 646 4246 ³·⁴ndvorsns
660 4196 780 4245 animum
791 4198 815 4245 1.
852 4194 1090 4245 omniumBmclcb.
1124 4194 1297 4246 hominuma.
1306 4197 1332 4244 3.
1382 4193 1438 4244 7Ν.
1451 4194 1496 4261 Ν.]
1510 4198 1566 4247 Leo
1577 4199 1609 4247 P.
1618 4200 1681 4248 PX
1689 4203 1701 4249 ἲ

399 4279 568 4349 plrrotnrunr]
590 4283 816 4332 dominicanorum.
861 4276 881 4311 ¹³
898 4277 1064 4344 Florentini]
1087 4281 1191 4330 Leonis
1201 4281 1234 4330 X.
1271 4279 1292 4313 ¹⁴
1310 4280 1408 4346 quibus
1427 4279 1486 4345 (pro
1500 4282 1589 4347 quis-i.
1603 4301 1627 4333 c.
1643 4285 1699 4349 qui:

400 4367 461 4432 bus)
481 4372 506 4418 2.
519 4370 545 4417 3.
593 4364 728 4431 testiculi]
747 4367 824 4416 Pers.
842 4368 894 4413 sut.
908 4363 930 4413 I.
952 4361 1008 4414 103.
1080 4362 1101 4395 ¹⁷
1119 4362 1282 4431 Chrysippo]
1302 4365 1376 4431 apud
1392 4366 1509 4415 Lucian.
1525 4366 1642 4418 Conviv.
1656 4368 1698 4419 ⁶23.

400 4442 468 4503 odae
481 4446 535 4519 τὴν
547 4469 572 4502 κ.
581 4468 612 4517 φ.
622 4443 642 4503 ἔ.
663 4466 770 4516 „neque
784 4455 861 4501 recte
875 4448 1124 4515 comprehendendi
1137 4450 1192 4499 vien
1206 4450 1335 4501 habentis
1349 4451 1434 4500 enimi
1447 4454 1503 4500 es.''
1562 4450 1585 4484 ²⁰
1604 4458 1698 4516 tyran-

400 4534 473 4600 num]
488 4537 619 4597 iliricum,
634 4534 1034 4601 Wurtenbergensomducem.
1087 4532 1560 4600 ιἐἱιιςι11.]Ρῇιιὶανίεηιιυηεἰονιιίὶ.
1609 4536 1697 4589 ”uu-

401 4620 476 4669 cinui
495 4621 649 4669 Piscatores
662 4620 871 4670 Pirckheimero
883 4622 985 4670 Latino
1005 4619 1127 4669 redditus
1139 4618 1242 4685 prodiit
1258 4622 1375 4685 primum
1388 4636 1414 4670 a.
1429 4619 1503 4671 1517.
1517 4627 1598 4672 sexto
1610 4639 1700 4673 nonas

401 4701 464 4752 Oct.
519 4702 562 4752 tls.
577 4703 650 4752 infru
666 4718 738 4775 num.
752 4704 868 4753 Lx1111.
938 4704 960 4736 ’Β
984 4706 1155 4770 Hsgostrato
1169 4706 1193 4755 1.
1213 4711 1238 4756 et
1259 4707 1297 4756 sic
1314 4708 1339 4755 in
1356 4721 1412 4771 sqq.
1426 4705 1473 4755 be.
1527 4699 1626 4773 βάλλε]
1645 4710 1698 4758 Lir-

401 4786 476 4836 cianl
490 4786 617 4835 Piscntor
629 4802 651 4835 s.
670 4788 882 4848 reviviscentes,
903 4789 964 4838 init.
983 4790 1081 4850 ‚,Fori‚
1101 4789 1154 4839 leri
1174 4790 1360 4840 execrabilem
1375 4790 1518 4855 lapidibus
1537 4793 1697 4857 copiosissi-

398 4868 480 4919 uxiu.“
521 4867 552 4912 ·³¹
572 4860 688 4935 πάντες]
708 4870 774 4920 ibid.
793 4887 907 4934 „omnes
920 4872 1000 4922 simul
1020 4874 1097 4923 lucta
1110 4874 1250 4925 testudine
1263 4876 1291 4925 in
1305 4875 1381 4925 illum
1394 4876 1559 4926 irruamus.”
1613 4874 1697 4941 §qra-

399 4951 538 5020 σπείσομεν
555 4956 581 5003 2.
591 4955 617 5003 3.
