3917 5950
427 637 499 707 180
608 649 776 700 nxxxnu.
795 664 919 698 nrrrnnr
931 663 968 698 an
982 664 1093 700 caorru
1106 665 1136 699 ιιι
1150 665 1277 700 nomnen
1291 667 1445 703 rnnrarro.
1470 659 1531 704 tete.

425 824 526 892 rediit,
551 821 632 881 libris
654 839 688 879 ac
711 819 839 879 restibus
861 817 1014 896 splendide
1037 821 1210 890 instructus,
1240 829 1269 881 et
1290 822 1367 882 inter
1383 823 1721 887 doctores'numeratur.

426 944 545 993 acme,
580 924 629 1000 qui
652 920 756 981 melius
779 922 862 997 capio
884 920 1034 988 Iasonem,
1069 927 1136 998 post
1163 929 1279 1000 tergum
1308 922 1454 1002 relinquit.
1502 923 1527 984 Ο
1555 942 1672 991 mores,
1702 943 1721 982 o

426 1027 534 1095 studia,
558 1044 575 1083 o
597 1024 739 1100 temporis
760 1023 848 1082 buius
868 1024 975 1100 capita,
1000 1024 1071 1100 quiu
1086 1024 1155 1081 istas
1170 1023 1365 1100 abstergimus
1379 1024 1502 1085 nebulas
1518 1033 1547 1085 et
1562 1023 1721 1102 aliquando

357 1153 408 1202 §ea
427 1147 527 1189 rerum
550 1128 707 1186 intuemur.
752 1126 788 1184 dt
810 1123 892 1183 raldo
915 1125 1031 1184 interim
1056 1143 1090 1184 en
1114 1125 1174 1183 suis
1196 1124 1251 1184 sibi
1272 1127 1318 1184 isti
1348 1127 1567 1186 commentariis
1593 1125 1719 1202 placent,

424 1231 552 1290 studium
579 1227 708 1305 alioquin
736 1226 887 1285 tractabile
915 1227 995 1284 omni
1024 1225 1146 1302 caligine
1173 1225 1352 1286 involventes
1382 1245 1415 1287 ac
1438 1228 1605 1288 Cimmeriis
1634 1226 1747 1305 planes

422 1331 553 1392 tenebris
575 1329 730 1389 obscurius
752 1310 922 1396 reddentes,
942 1310 1070 1405 'querum
1093 1334 1126 1386 ut
1141 1328 1307 1389 densiorem
1323 1329 1388 1407 quis
1403 1329 1554 1399 nebulam,
1579 1331 1721 1390 atriorem

423 1441 542 1493 noctem
563 1430 645 1490 libris
667 1430 847 1508 digestorum
869 1428 1025 1488 arlmolitus
1048 1436 1104 1498 est,
1136 1430 1173 1487 ita
1197 1446 1252 1505 pro
1275 1427 1396 1489 classico
1419 1437 1522 1490 autore
1551 1430 1720 1491 celebratur

425 1542 454 1595 et
476 1535 505 1593 iu
527 1533 720 1592 admiratione
742 1530 881 1590 babetur:
913 1531 996 1590 cuius
1019 1531 1095 1590 onim
1118 1528 1373 1590 lucubrationibus
1395 1549 1454 1590 non
1476 1533 1643 1592 antefertur
1664 1534 1719 1592 dc·

426 1637 541 1696 cursius
568 1635 702 1713 qnidam,
736 1651 770 1691 ox
801 1631 884 1691 curius
912 1631 1097 1691 tenebricoso
1126 1631 1243 1708 iugenio
1272 1631 1320 1690 hic
1347 1632 1458 1692 oliusus
1487 1640 1530 1693 est
1559 1634 1616 1693 iuri
1645 1632 1719 1692 cirili

355 1739 544 1811 §.ualumus‘l
567 1736 631 1796 Nou
654 1735 757 1794 iniuria
780 1733 868 1811 igitur
891 1732 1048 1791 miserebat
1071 1740 1099 1792 te
1122 1730 1189 1790 olim
1213 1733 1285 1800 mci,
1309 1734 1371 1801 cui,
1394 1741 1426 1792 ut
1448 1734 1597 1794 studiosus
1613 1753 1756 1800 essem.ro

424 1839 460 1899 ad
490 1837 657 1899 huiusmodi
683 1835 811 1895 studium
840 1834 1043 1894 divertendum
1075 1841 1146 1892 erat.
1192 1839 1250 1892 tam
1278 1833 1440 1894 inconsulta
1469 1843 1537 1895 sunt
1565 1835 1719 1895 bominum

424 1958 513 2018 super
536 1939 671 1999 humanis
693 1937 795 1997 studiis
818 1935 946 1996 consilia.
986 1953 1092 2013 qnare,
1121 1941 1153 1992 ut
1175 1935 1246 1993 mibi
1269 1935 1397 2006 videtur,
1427 1938 1475 2014 qui
1498 1938 1628 2015 ingenuo
1651 1944 1721 1996 sunt

423 2043 521 2102 animo
544 2058 578 2099 ac
601 2047 681 2099 recte
704 2038 812 2106 libero,
847 2024 944 2096 omnia
973 2034 1075 2096 malint
1105 2054 1193 2113 quam
1221 2037 1250 2095 in
1279 2036 1332 2096 bes
1361 2055 1392 2097 se
1420 2037 1574 2098 demittere
1603 2037 1733 2097 sordes„

355 2143 493 2219 §anssec
516 2161 571 2220 ego
593 2159 731 2201 accusare
753 2142 782 2199 in
809 2138 878 2206 illis,
913 2156 1079 2216 quanquam
1109 2138 1287 2216 iniquissima
1316 2147 1396 2206 suut,
1431 2157 1489 2198 non
1517 2140 1628 2210 ausim,
1663 2140 1720 2198 uisi

407 2246 545 2322 repetita
577 2244 621 2302 bis
648 2242 738 2301 reniae
767 2240 906 2318 petitione
935 2239 1074 2316 praelatus
1096 2240 1242 2322 dicturum
1266 2240 1414 2318 mequod
1437 2259 1524 2301 nemo
1554 2241 1662 2301 sentiat
1683 2258 1755 2306 acu

424 2346 496 2406 nibil
519 2346 674 2405 dicturtmr.
720 2343 829 2404 Sumus
852 2343 929 2402 enim
952 2339 1041 2411 nibil,
1065 2339 1165 2411 Crote,
1189 2360 1244 2401 nec
1266 2342 1348 2418 prius
1371 2341 1531 2402 desinimus
1552 2342 1625 2403 nibil
1642 2360 1718 2407 esse,

424 2467 511 2527 quam
540 2445 666 2524 aliquam
694 2444 834 2504 nubis·iu
862 2443 917 2503 bac
946 2442 1087 2502 comoedia
1114 2460 1271 2518 personam
1300 2446 1490 2504 assumamus.
1542 2442 1718 2522 Quanquam

424 2551 478 2609 uisi
501 2548 640 2608 obessent
661 2546 732 2605 mibi
755 2545 873 2613 literae‚·
889 2552 1023 2621 poteram
1045 2545 1114 2603 satis
1136 2551 1306 2603 reverenter
1328 2543 1426 2622 Eques
1448 2545 1614 2605 Germanus
1641 2544 1720 2605 salu·

424 2653 494 2718 tari,
519 2656 547 2709 et
569 2655 600 2707 tu
616 2647 782 2707 Sacerdotis
799 2644 997 2723 appellatione
1019 2646 1089 2704 satis
1110 2645 1273 2704 honoratus
1288 2663 1366 2713 eras,
1391 2647 1445 2706 uisi
1461 2654 1489 2706 ct
1505 2653 1612 2724 praeter
1629 2665 1718 2724 eque·

424 2760 514 2812 strem
537 2750 707 2828 dignitatem
730 2768 793 2809 esse
815 2753 969 2824 putaretur
996 2745 1095 2805 literas
1119 2746 1245 2815 discere,
1280 2754 1308 2806 et
1336 2748 1453 2824 penitus
1479 2747 1549 2825 nibil
1579 2756 1755 2825 saperentu

354 2855 474 2933 §.aequi
497 2872 528 2913 se
551 2851 632 2911 raldo
654 2851 711 2910 lior
734 2848 833 2910 seculo
857 2854 960 2926 putant
981 2865 1094 2924 sapere.
1139 2847 1174 2906 Hi
1197 2854 1265 2907 sunt
1287 2849 1336 2926 qui
1359 2867 1426 2908 cum
1448 2848 1548 2933 literas
1570 2851 1719 2927 ignorent,

423 2954 577 3016 consilium
598 2961 695 3013 tamen
719 2951 805 3012 nobis
827 2950 896 3011 dant
919 2949 987 3029 quid
1012 2948 1125 3009 discere
1148 2955 1297 3027 oporteat,
1326 2958 1355 3011 et
1384 2951 1548 3011 studiorum
1578 2969 1720 3012 censores

422 3066 526 3137 agunt:
560 3073 686 3134 quorum
710 3073 725 3113 a
749 3052 839 3113 titrdis
861 3053 981 3129 praemia
1004 3052 1179 3120 metiuntur,
1211 3052 1252 3111 sic
1282 3051 1343 3112 lere
1375 3060 1540 3131 quaerentes
1564 3052 1651 3123 ‘Quid
1675 3060 1720 3113 est

421 3159 502 3220 istet’
525 3157 632 3236 quibus
654 3156 833 3234 respondere
855 3154 926 3215 licet
955 3153 1073 3213 ‘Doctor
1096 3159 1153 3220 est,
1177 3151 1315 3230 Magister
1337 3161 1394 3221 est,
1423 3153 1626 3215 Racrrlaureus
1649 3154 1719 3222 est’;

353 3269 489 3330 uacant,
512 3261 535 3319 si
559 3258 672 3320 nullum
694 3260 817 3319 istorum
840 3257 946 3334 attigit,
970 3254 1047 3316 Nilril
1071 3261 1122 3316 est.
1169 3253 1270 3332 Nuper
1291 3247 1469 3333 ex'quodam
1485 3274 1622 3317 meorum
1638 3273 1755 3334 ques-25

421 3364 508 3422 situm
532 3361 610 3420 bunc
632 3362 662 3419 iu
684 3359 804 3419 modum
828 3366 873 3419 est
894 3358 930 3417 ab
953 3358 1035 3416 istius
1058 3356 1249 3433 professionis
1277 3356 1411 3427 homine,
1440 3359 1557 3418 curioso
1581 3356 1630 3416 illo
1654 3359 1720 3436 qni·

341 3473 349 3496 ⁶
420 3464 488 3523 dem
510 3461 670 3522 salutandis
692 3463 808 3530 amicis,
832 3479 888 3538 qua
911 3478 958 3519 me
980 3458 1102 3534 lionoris
1124 3458 1295 3533 praelatione
1317 3458 1436 3520 salutari
1465 3466 1609 3536 oporteat.
1655 3467 1720 3518 tum

423 3582 507 3624 meus
529 3562 681 3640 respondit
701 3563 832 3622 nondum
855 3543 964 3639 aliquid
987 3578 1051 3620 esse
1073 3576 1138 3618 me:
1161 3558 1218 3618 boc
1234 3558 1334 3619 volens
1349 3558 1461 3620 scilicet
1475 3560 1565 3620 bomo
1581 3559 1718 3637 simplex,

353 3686 411 3734 §.aa
424 3664 503 3725 nullo
526 3664 695 3740 insignitum
716 3663 816 3733 titulo;
851 3662 930 3742 qnod
959 3663 1029 3722 satis
1058 3662 1112 3721 luit
1138 3661 1206 3721 hnic
1235 3660 1394 3721 salutaturi.
1439 3660 1533 3721 Hodie
1556 3662 1634 3721 euim
1657 3679 1719 3720 non

421 3766 514 3846 (prolis
537 3767 660 3843 quisquc
682 3766 733 3834 sit,
757 3766 808 3825 sed
831 3784 889 3843 quo
914 3772 1033 3825 vocetur
1055 3763 1174 3822 nominc
1197 3764 1354 3840 quaeritur;
1383 3763 1411 3821 in
1435 3781 1503 3822 casn
1527 3780 1561 3821 ac
1584 3764 1719 3840 pecuniis
1729 3792 1754 3831 30

421 3870 517 3928 omnia
539 3869 651 3935 insunt,
687 3867 782 3925 virtuti
807 3868 957 3944 proprium
982 3863 1136 3933 estnihil,
1169 3862 1241 3923 illud
1271 3864 1345 3942 prob
1369 3864 1484 3924 Christe
1513 3863 1600 3933 nibil,
1637 3864 1717 3943 quod

411 3989 499 4032 ¹nunc
521 3970 649 4045 optimus
672 3969 795 4045 quisque
818 3974 953 4027 vocatur:
979 3986 1032 4027 cur
1054 3967 1143 4044 igitur
1165 3983 1270 4042 sapere
1292 3966 1358 4043 quis
1372 3963 1452 4035 rebt,
1474 3966 1595 4043 qnando
1611 3982 1717 4041 sapere

351 4098 409 4148 με,
422 4079 550 4131 extrema
574 4069 630 4128 boc
652 4075 785 4147 tempore
807 4069 950 4129 dementia
974 4069 1035 4128 est?
1058 4066 1134 4127 Hinc
1156 4066 1227 4125 mibi
1249 4066 1306 4127 boc
1321 4065 1398 4127 Nihil
1420 4066 1540 4134 excidit,
1565 4074 1654 4154 atque
1669 4066 1717 4125 bir

419 4208 621 4221 ----

486 4293 496 4322 ⁵
531 4288 763 4342 Imrolmitltudiir
783 4290 858 4338 iuris.
878 4290 998 4354 morph.
1074 4288 1258 4351 Cymoriisfl.
1296 4283 1429 4351 (irrisoriis
1442 4286 1468 4337 C.
1506 4286 1715 4351 Cymmerijsll.

418 4379 429 4409 ⁷
447 4378 526 4427 libris
545 4372 723 4442 digestorum]
755 4390 776 4423 s.
798 4375 1001 4423 Pcndcetarum
1021 4375 1067 4437 qui
1087 4373 1288 4439 quinquaginta
1306 4387 1419 4422 numero
1438 4372 1571 4436 optimam
1587 4371 1716 4437 Corporis

418 4464 484 4511 iuris
503 4462 595 4512 civilis
613 4478 638 4523 q.
652 4476 677 4509 r.
692 4465 799 4524 portem
818 4458 952 4507 efficiunt.
996 4457 1111 4507 authore
1123 4458 1158 4508 B.
1172 4461 1197 4508 5.
1240 4455 1269 4488 ⁸³
1288 4453 1446 4521 decursius]
1467 4457 1503 4506 cf.
1521 4472 1644 4522 suprep.
1661 4453 1715 4505 177.
1737 4454 1740 4459 ’

419 4545 566 4595 Accursms
584 4544 719 4594 tenebrio.
739 4545 858 4608 merul).
940 4541 961 4574 ¹³
979 4544 1109 4591 Humana
1128 4541 1227 4593 studia.
1247 4544 1371 4606 merul).
1453 4538 1474 4571 ¹²
1493 4537 1555 4605 ego]
1577 4557 1644 4607 ergo
1658 4544 1713 4590 Μ.

419 4628 513 4679 aulum
536 4629 702 4679 Annae
812 4628 833 4660 ¹⁶
850 4629 944 4677 Nemo.
964 4626 1049 4676 Nihil.
1067 4629 1192 4692 morpl).
1305 4625 1324 4659 '⁸
1342 4626 1452 4676 Obsunt
1468 4625 1569 4675 literae.
1588 4628 1712 4693 morpll.

418 4713 439 4745 ²⁴
457 4716 562 4764 Doctor
580 4721 608 4763 et
624 4712 759 4780 Magister
778 4711 827 4763 est.
846 4712 1054 4762 Baeculaurous
1074 4709 1123 4761 eit.
1142 4714 1261 4776 nimpi).
1325 4710 1535 4761 Beccaleureus
1553 4715 1578 4759 5.
1588 4714 1613 4761 0.
1668 4713 1713 4761 sed

418 4805 547 4863 corrupte
572 4801 626 4847 ista
648 4797 811 4848 Baculanrii
834 4814 856 4846 n.
876 4798 961 4846 etiam
979 4796 1122 4846 llaeularii
1147 4796 1236 4846 forma
1254 4796 1371 4848 Hutteni
1396 4795 1566 4861 temporibus
1591 4798 1712 4846 usitatis·

417 4885 488 4932 simu
511 4884 564 4932 tuit
588 4886 661 4931 inter
683 4882 841 4932 monachos.
927 4881 950 4913 ²⁸
974 4898 1016 4931 me
1044 4896 1114 4931 esse.
1134 4886 1191 4935 Μ,
1279 4880 1298 4912 ³¹
1318 4879 1394 4930 Nihil
1415 4876 1463 4929 el't.
1483 4880 1568 4929 Nihil.
1588 4882 1710 4946 marpll.

418 4965 527 5017 Gbrilte
542 4970 574 5017 A.
663 4965 715 4997 ³²³⁸
734 4967 778 5015 Cf.
790 4967 849 5016 Cic.
864 4965 1101 5016 adsam.t'11.28.
