3917 5950
395 598 467 670 168
525 613 634 662 Lxxv.
654 627 790 662 nrrsrona
804 626 927 663 arerem
940 626 977 661 sn
991 625 1085 660 coma.
1100 626 1135 660 on
1150 625 1288 663 uersuta.
1308 627 1335 665 n.
1349 619 1369 661 ³.
1379 625 1475 662 arara.
1491 620 1551 662 tate.

391 783 501 851 Faber,
525 781 574 860 qui
597 780 789 859 philosophia
811 787 912 840 nostro
934 797 995 839 aero
1017 778 1155 839 studiosis
1176 780 1336 841 maximum
1358 781 1563 842 adiumentum
1578 781 1687 850 attulit;

322 885 469 963 §.mapud
493 890 625 943 nostrum
648 889 745 942 autem
762 879 913 941 dllrertnm
935 881 1005 959 quid
1027 880 1183 960 aliquando
1206 884 1323 952 omittit,
1347 900 1406 960 quo
1428 883 1549 961 quidem
1566 882 1689 960 Capnio·

392 987 437 1046 nis
460 983 640 1051 exaltationi,
665 982 781 1042 illorum
803 1002 872 1044 vero
895 983 1070 1043 detrimento
1092 991 1281 1061 prospectum
1305 1002 1369 1044 esse
1390 986 1498 1062 possit,
1522 984 1689 1062 llemiehus

392 1087 526 1148 Stromer
547 1085 700 1164 plusieus,
724 1082 1118 1146 candidissimusliterarum
1141 1102 1175 1143 ae
1196 1084 1377 1146 literatorum
1401 1093 1531 1155 amator,
1561 1104 1596 1146 ae
1619 1086 1690 1149 milri

323 1188 429 1258 §.nob
452 1189 481 1248 id
503 1205 618 1248 summe
641 1185 766 1246 charus?
789 1187 898 1264 lipsae,
923 1203 1090 1265 quanquam
1113 1187 1300 1263 pertinaciter
1322 1187 1419 1249 adhuc
1442 1187 1627 1248 reluctentur
1641 1208 1689 1248 so·
1712 1209 1725 1247 s

392 1290 509 1368 phistae,
540 1289 656 1365 erigunt
682 1306 714 1348 se
741 1295 840 1347 tamen
868 1287 969 1348 literas
989 1294 1017 1348 ct
1038 1294 1183 1364 augentur
1205 1284 1285 1348 r'ecta
1308 1288 1411 1349 studia.
1457 1297 1486 1349 et
1507 1289 1689 1351 ll'ittcuber·

392 1409 459 1469 gam
489 1408 505 1449 a
535 1389 706 1450 Fridericho
734 1391 866 1468 principe
895 1396 1087 1449 accersuntur
1116 1390 1165 1467 qui
1188 1389 1291 1450 Graece
1319 1398 1346 1449 et
1373 1389 1519 1452 lleluaice
1551 1392 1688 1467 doceant.

323 1511 381 1562 §aa
392 1492 452 1551 lam
474 1499 506 1552 ut
528 1492 564 1551 ad
587 1491 657 1551 illud
681 1491 799 1551 redeam
823 1492 1029 1569 episcoporum
1051 1488 1185 1550 columen
1202 1490 1353 1551 libertum
1373 1500 1524 1562 nostrum,
1548 1493 1607 1554 dici
1628 1511 1690 1553 nou

390 1601 501 1672 potest,
525 1611 613 1672 quam
636 1595 659 1652 is
682 1591 847 1653 consultum
870 1591 936 1651 relit
958 1591 1070 1652 studiis.
1115 1592 1144 1651 iu
1166 1593 1387 1653 admirationem
1410 1601 1439 1654 te
1461 1595 1625 1673 perducet,
1649 1596 1689 1656 si·

391 1695 509 1774 quando
531 1694 641 1754 ridebis
663 1693 749 1754 lmius
771 1694 808 1753 ad
832 1694 986 1753 Erasmum
1010 1692 1177 1770 epistolam3
1205 1695 1246 1754 sic
1269 1694 1394 1773 henigne
1416 1694 1538 1764 salutat,
1568 1698 1613 1756 sic
1636 1716 1724 1757 cu-ro

390 1795 458 1874 pide
481 1795 516 1855 ad
541 1815 572 1855 se
596 1804 694 1863 rorat:
718 1795 796 1855 (lonii
819 1813 888 1855 uero
911 1794 1117 1855 bibliothecam
1142 1794 1217 1855 illius
1238 1813 1356 1874 semper
1376 1798 1406 1857 in
1428 1796 1564 1857 ruanilms
1587 1797 1688 1861 habet,

324 1915 488 1975 §.astroque
511 1897 694 1956 Erasiniemn
716 1898 871 1976 quiequam
895 1898 969 1965 exit,
1000 1896 1078 1975 quod
1108 1914 1166 1956 uon
1188 1896 1318 1957 studiose
1338 1896 1423 1976 legat.
1469 1897 1558 1958 Cuius
1580 1906 1613 1958 ut
1636 1897 1689 1958 ali·

392 1999 462 2078 quid
490 2016 581 2075 penes
610 2006 639 2057 te
668 1996 858 2058 rrrerrrorabile
887 2001 937 2065 sit,
966 1987 1067 2075 accipe
1094 2015 1156 2056 rem
1180 1997 1317 2067 laedam,
1346 1997 1396 2058 sed
1420 2017 1485 2078 quae
1507 1999 1689 2060 ‹locnmento

393 2101 448 2161 erit
470 2099 539 2178 quid
564 2099 600 2159 de
622 2099 679 2159 lroc
701 2101 833 2177 prineipe
854 2099 1032 2177 sperandum
1055 2100 1106 2159 sit:
1130 2117 1198 2158 eum
1220 2098 1259 2160 illi
1283 2098 1434 2160 distulisset
1449 2101 1584 2161 Stromer
1607 2103 1691 2162 omni

393 2202 584 2261 comitiorum
601 2219 710 2279 genere
734 2202 875 2261 refertum
899 2200 1029 2261 libellum
1052 2200 1241 2278 Pepericorni
1263 2201 1417 2261 adversum
1434 2202 1592 2280 Capniouis
1615 2205 1688 2263 arni·
1701 2220 1725 2256 u

393 2320 452 2372 eos,
472 2301 544 2381 legit
566 2303 698 2382 quidem,
722 2303 772 2362 sed
796 2302 919 2372 lectum,
942 2309 974 2362 ut
997 2302 1033 2361 ad
1057 2303 1153 2381 iguem
1178 2303 1253 2361 iorte
1276 2302 1464 2373 consederat,
1487 2305 1689 2380 iuuurrissima

393 2401 482 2464 ludaei
497 2403 651 2463 nebulonis
667 2403 817 2463 maledicta
834 2404 993 2464 detestatus
1010 2411 1038 2463 et
1058 2403 1116 2463 lroc
1137 2405 1267 2464 omnium
1289 2402 1456 2464 seculorum
1478 2407 1622 2466 memoria
1645 2405 1690 2466 di·

393 2522 482 2582 gnum
505 2504 722 2582 apoplrtlregma
746 2507 884 2582 praedatus
907 2506 964 2565 ‘Sic
987 2513 1123 2584 pereant,
1147 2506 1196 2584 qui
1219 2508 1260 2565 sic
1282 2503 1450 2584 loepurntur'
1473 2506 1602 2566 dammae
1617 2509 1690 2568 inie-

325 2598 441 2698 {jsslssll-
479 2603 550 2674 Orare
573 2607 669 2665 omnia
692 2624 774 2683 spem
797 2606 906 2665 iaciunt
928 2606 1012 2666 nolus
1035 2624 1071 2666 eo
1093 2625 1151 2685 quo
1173 2605 1319 2667 tendimus
1335 2607 1483 2668 evadendi.
1529 2607 1570 2667 lle
1594 2608 1690 2669 aulica

300 2764 307 2772 ,
387 2706 605 2791 ¹cousuetudine
628 2726 692 2786 qum
715 2706 816 2767 obiicis
838 2709 922 2775 milri,
946 2709 1012 2787 quia
1037 2725 1096 2767 non
1118 2707 1286 2785 epistularu,
1315 2708 1367 2777 sed
1388 2726 1556 2769 sermonem
1579 2712 1727 2788 potiuseo

394 2814 445 2868 ant
467 2807 601 2868 volumen
624 2807 815 2887 desyderunt,
846 2814 968 2886 experto
990 2807 1108 2888 aliquod
1131 2828 1228 2869 rneurn
1252 2810 1364 2879 ocium,
1392 2809 1540 2870 undenso
1562 2811 1617 2872 tibi
1640 2830 1691 2873 ex-

325 2927 527 2989 mpurgeur.
571 2909 691 2969 luterim
713 2929 750 2970 ue
773 2909 861 2970 crede
883 2908 991 2990 aliquid
1013 2929 1028 2968 a
1052 2909 1137 2970 nobis
1158 2911 1195 2971 de
1216 2911 1337 2990 pristina
1358 2912 1568 2974 eorrsuetudine
1584 2914 1691 2974 remis-

395 3030 476 3072 sum:
506 3012 662 3092 alirpraudo
683 3014 713 3071 in
736 3014 859 3091 gratiam
882 3030 949 3072 eum
972 3012 1061 3073 llusis
1083 3011 1179 3073 redire
1201 3031 1350 3092 propono,
1380 3012 1515 3072 simodo
1538 3014 1595 3074 ittae
1618 3016 1692 3075 milri

390 3100 476 3174 'iratae
498 3122 566 3174 suut
588 3114 626 3172 oli
649 3117 814 3175 necessario
836 3113 996 3176 adruisuuu
1018 3114 1139 3191 superbi
1160 3112 1260 3175 Martis
1288 3115 1432 3184 studium,
1461 3123 1493 3175 ut
1521 3135 1587 3195 (prm
1611 3136 1692 3195 saepe

325 3245 382 3296 μς,
394 3216 476 3293 prius
497 3216 526 3274 iu
550 3217 652 3276 eastris
674 3219 749 3276 iuter
771 3234 921 3275 armorum
944 3217 1083 3293 strepitus
1104 3223 1323 3294 pernoctarunt.
1367 3214 1456 3275 Valde
1479 3216 1583 3295 prelio,
1608 3220 1727 3297 qrrodas

394 3317 604 3376 inc-eruliarium
633 3317 825 3378 eruullimuun
854 3316 1004 3377 ulcisceris
1034 3324 1061 3377 et
1078 3317 1195 3395 cupide
1223 3324 1345 3396 expecto
1376 3335 1408 3377 ea
1438 3336 1502 3396 quae
1525 3322 1691 3396 promittis:

393 3425 537 3494 pergent
561 3420 687 3496 cupisti:
719 3419 865 3488 ‘Oderint,
889 3420 958 3479 dum
982 3418 1135 3487 nntuaut’;
1165 3436 1332 3498 qumquam
1354 3417 1425 3495 illud
1448 3419 1498 3479 utu
1523 3439 1589 3480 eum
1613 3421 1692 3481 mul-

393 3518 431 3603 tis
452 3536 607 3579 rourrnuue
631 3524 685 3580 erit
707 3521 815 3580 odium.
853 3538 943 3598 porro
967 3528 1080 3580 certum
1096 3527 1139 3581 est
1153 3518 1247 3580 honos
1262 3539 1378 3590 (arrium,
1402 3521 1539 3600 qrricmrid
1555 3522 1601 3581 isti
1613 3510 1692 3583 'ode-

327 3621 470 3700 mrim,
494 3620 577 3679 raldo
600 3621 785 3697 probaturos.
831 3621 990 3700 Epistulam
1013 3629 1108 3690 tuam,
1132 3639 1218 3701 quam
1242 3622 1279 3682 ad
1301 3640 1396 3682 meam
1419 3622 1619 3685 defensionem
1642 3644 1692 3685 re·

393 3722 549 3799 scripsisti,
578 3740 635 3781 nou
664 3724 773 3799 accepi.
819 3724 915 3782 sordre
939 3724 985 3784 cui
1009 3723 1123 3784 dederis
1138 3724 1352 3801 perferendam.
1397 3724 1475 3784 lutra
1498 3726 1691 3804 quatriduum
1703 3745 1730 3784 ao

394 3823 423 3880 in
439 3824 570 3881 Saxones
585 3824 683 3883 redeo.
721 3825 765 3883 Tu
782 3825 943 3884 rectissime
966 3824 1027 3885 valo
1050 3844 1084 3883 ae
1106 3824 1298 3885 ualetudinem
1314 3834 1407 3886 tuere.
1445 3826 1616 3905 lloguutiae,
1641 3828 1691 3888 lll.

394 3922 491 3983 Nonas
514 3923 635 4001 ‚lpriles
681 3926 863 4004 Synceriter,
886 3927 958 3986 citra
981 3944 1127 4004 pompam.

459 4195 630 4246 ²lllbcrtum
650 4196 820 4262 (episcopum
838 4165 1042 4260 Moguutiuum)
1063 4199 1135 4246 6...8.
1196 4194 1206 4226 ³
1225 4196 1364 4246 Henricus
1376 4199 1409 4246 Il.
1425 4199 1498 4246 6...8.
1555 4197 1566 4228 '⁰
1584 4200 1691 4263 Lipsiae

394 4283 426 4331 B.
442 4285 533 4333 o'.7.8.
594 4282 750 4332 tutorem
810 4279 1094 4332 ⁷llaebruieeA...I).
1160 4280 1181 4311 ¹⁷
1200 4281 1274 4329 iudei
1288 4281 1348 4330 An.
1412 4281 1692 4349 ²⁶ineeud.eueull.]

394 4368 599 4417 Hochstrotum.
652 4366 674 4399 ²⁷
694 4366 795 4430 cepisti
807 4367 841 4415 Α.
895 4363 1021 4430 Oderint]
1035 4367 1133 4415 Senes.
1148 4366 1181 4414 de
1195 4366 1237 4413 ira
1252 4365 1271 4413 1.
1286 4364 1327 4427 20,
1341 4366 1366 4415 4.
1381 4366 1414 4415 de
1427 4366 1506 4416 clem.
1520 4368 1542 4415 1.
1561 4366 1599 4426 l‘2,
1613 4368 1639 4415 d.
1653 4367 1691 4417 ΙΙ.

392 4452 416 4511 2,
430 4453 455 4501 2.
508 4451 531 4484 ³²
549 4453 696 4503 sinceriter
708 4453 782 4500 dmi.
